@Article{reed-solomon-overview,
  author = 	 {Barry Cipra},
  title = 	 {The Ubiquitous Reed-Solomon Codes},
  journal = 	 {SIAM News},
  year = 	 {1993},
  OPTkey = 	 {},
  volume = 	 {26},
  number = 	 {1},
  OPTpages = 	 {},
  month = 	 {January},
  OPTnote = 	 {},
  OPTannote = 	 {},
  howpublished = {See http://www.siam.org/siamnews/mtc/mtc193.htm}
}

@Article{reed-solomon,
  author = 	 {Irving S. Reed and Gustave Solomon},
  title = 	 {Polynomial Codes over Certain Finite Fields},
  journal = 	 {Journal of the Society for Industrial and Applied Mathematics},
  year = 	 {1960},
  OPTkey = 	 {},
  OPTvolume = 	 {},
  OPTnumber = 	 {},
  OPTpages = 	 {},
  OPTmonth = 	 {},
  OPTnote = 	 {},
  OPTannote = 	 {}
}

@Book{atsc:a53b,
  author = 	 {ATSC},
  editor = 	 {},
  title = 	 {ATSC Standard A53: Digital Television Standard, Revision B},
  publisher = 	 {ATSC},
  year = 	 {2001},
  OPTaddress = 	 {1750 K Street, N.W. Suite 1200, Washington, D.C. 20006},
  month = 	 {August},
}

@Book{atsc:a52a,
  author = 	 {ATSC},
  editor = 	 {},
  title = 	 {ATSC Standard A52: Digital Audio Compression(AC-3), Revision A},
  publisher = 	 {ATSC},
  year = 	 {2001},
  OPTaddress = 	 {1750 K Street, N.W. Suite 1200, Washington, D.C. 20006},
  month = 	 {August},
}

@Book{iso:13818-1,
  author = 	 {ISO},
  editor = 	 {},
  title = 	 {ISO Standard 13818-1: MPEG-2 Standard},
  publisher = 	 {ISO},
  OPTaddress = 	 {Case Postale 56, CH-1211 Genève 20, Switzerland},
  year = 	 {1994},
  month = 	 {November},
}
@Book{iso:13818-2,
  author = 	 {ISO},
  editor = 	 {},
  title = 	 {ISO Standard 13818-2: MPEG-2 Standard},
  publisher = 	 {ISO},
  OPTaddress = 	 {Case Postale 56, CH-1211 Genève 20, Switzerland},
  year = 	 {1994},
  month = 	 {November},
}


@Misc{fleming:tutorial,
  author = 	 {Chip Fleming},
  title = 	 {A Tutorial on Convolutional Coding with Viterbi Decoding},
  howpublished = {http://pw1.netcom.com/~chip.f/viterbi/tutorial.html},
  month = 	 {July},
  year = 	 {2002},
  note = 	 {},
  annote = 	 {}
}

@Misc{rscode,
  author = 	 {Henry Minsky},
  authoremail =  {hqm@ai.mit.edu},
  title = 	 {RSCODE: An implementation of a Reed-Solomon error correction algorithm},
  howpublished = {http://rscode.sourceforge.net/},
  month = 	 {January},
  year = 	 {2000},
  note = 	 {},
  annote = 	 {}
}
