@inproceedings{streamitcc,
 author = "William Thies and Michal Karczmarek and Saman Amarasinghe",
 title = "{StreamIt:  A Language for Streaming Applications}",
 booktitle = "{Proc. of the Int. Conf. on Compiler Construction (CC)}",
 year = "{2002}",
 OPTaddress = "{Grenoble, France}",
}

@Article{lz77,
  author = 	 {J. Ziv and A. Lembel},
  title = 	 {A universal algorithm for sequential data compression},
  journal = 	 "{IEEE Transaction on Information Theory}",
  year = 	 {1997},
  key = 	 {},
  volume = 	 {23},
  number = 	 {3},
  pages = 	 {337--343},
  month = 	 {May},
  OPTnote = 	 {},
  OPTannote = 	 {}
}

@Misc{deflate,
  key = 	 {Deutsch},
  author = 	 {P. Deutsch},
  title = 	 "{DEFLATE Compressed Data Format Specification, Version 1.3}",
  howpublished = "{RFC 1951}",
  OPTmonth = 	 {},
  year = 	 {1996},
  note = 	 {\url{http://www.ietf.org/rfc/rfc1951.txt}},
  OPTannote = 	 {}
}

@Misc{png,
  key = 	 {Boutell},
  author = 	 {T. Boutell},
  title = 	 "{PNG (Portable Network Graphics) Specification, Version 1.0}",
  howpublished = "{RFC 2083}",
  OPTmonth = 	 {},
  year = 	 {1998},
  note = 	 {\url{http://www.ietf.org/rfc/rfc2083.txt}},
  OPTannote = 	 {}
}

@Misc{zlib,
  key = 	 {Deutsch},
  author = 	 {P. Deutsch and J. Gailly},
  title = 	 "{ZLIB Compressed Data Format Specification, Version 3.3}",
  howpublished = "{RFC 1950}",
  OPTmonth = 	 {},
  year = 	 {1996},
  note = 	 {\url{http://www.ietf.org/rfc/rfc1950.txt}},
  OPTannote = 	 {}
}

@Misc{gzip,
  key = 	 {Deutsch},
  author = 	 {P. Deutsch},
  title = 	 "{GZIP File Format Specification, Version 4.3}",
  howpublished = "{RFC 1952}",
  OPTmonth = 	 {},
  year = 	 {1996},
  note = 	 {\url{http://www.ietf.org/rfc/rfc1952.txt}},
  OPTannote = 	 {}
}

% this seems to be the main article
@Article{LM87-i,
  author =       {E. A. Lee and D. G. Messerschmitt},
  title =        {Static Scheduling of Synchronous Data Flow Programs for Digital Signal Processing},
  journal =      {IEEE Trans. on Computers},
  year =         {1987},
  OPTkey =       {},
  OPTvolume =    {},
  OPTnumber =    {},
  OPTpages =     {},
  month =        {January},
  OPTnote =      {},
  OPTannote =    {}
}

@Misc{blender-stats,
  key = 	 {Blender},
  OPTauthor = 	 {},
  title = 	 {Blender.org: website statistics},
  howpublished = "{Blender Foundation}",
  OPTmonth = 	 {},
  year = 	 {2006},
  OPTnote = 	 {},
  OPTannote = 	 {}
}

@Misc{blender-wikipedia,
  key = 	 {Blender},
  OPTauthor = 	 {},
  title = 	 {Blender},
  howpublished = "{Wikipedia, The Free Encyclopedia}",
  month = 	 {November},
  year = 	 {2006},
  note = 	 {\url{http://en.wikipedia.org/wiki/Blender_software}},
  OPTannote = 	 {}
}

@Misc{adobe-anim,
  key = 	 {Adobe},
  OPTauthor = 	 {},
  title = 	 {About digital video editing},
  howpublished = {Adobe online education materials},
  OPTmonth = 	 {},
  year = 	 {2006},
  note = 	 {\url{http://www.adobe.com/education/pdf/cib/pre65_cib/pre65_cib02.pdf}},
  OPTannote = 	 {}
}

@Book{long-anim,
  author = 	 {Ben Long and Sonja Schenk},
  ALTeditor = 	 {},
  title = 	 {Digital Filmmaking Handbook},
  publisher = 	 {Charles River Media},
  year = 	 {2002},
  OPTkey = 	 {},
  OPTvolume = 	 {},
  OPTnumber = 	 {},
  OPTseries = 	 {},
  OPTaddress = 	 {},
  OPTedition = 	 {},
  OPTmonth = 	 {},
  OPTnote = 	 {},
  OPTannote = 	 {}
}

@Misc{elephants-dream,
  key = 	 {Elephants},
  OPTauthor = 	 {},
  title = 	 "{Elephant's Dream}",
  howpublished = {\url{http://orange.blender.org/}},
  OPTmonth = 	 {},
  OPTyear = 	 {},
  OPTnote = 	 {},
  OPTannote = 	 {}
}

@Misc{digital-juice,
  key = 	 {Digital},
  OPTauthor = 	 {},
  title = 	 "{Digital Juice, Editor's Toolkit 4: High Tech Tools}",
  OPThowpublished = {Digital Juice},
  OPTmonth = 	 {},
  year = 	 {2006},
  note = 	 {\url{http://www.digitaljuice.com/products/products.asp?pid=119}},
  OPTannote = 	 {}
}

@Misc{auth-demo,
  key = 	 {Auth},
  OPTauthor = 	 {},
  title = 	 {Authentication generator demo},
  howpublished = {Online screencast},
  OPTmonth = 	 {},
  OPTyear = 	 {},
  note = 	 {\url{http://penso.info/auth_generator}},
  OPTannote = 	 {}
}

@Book{harrington-anim,
  author = 	 {Richard Harrington and Rachel Max and Marcus Geduld},
  ALTeditor = 	 {},
  title = 	 {After Effects on the Spot: Time-Saving Tips and Shortcuts from the Pros},
  publisher = 	 {Focal Press},
  year = 	 {2004},
  OPTkey = 	 {},
  OPTvolume = 	 {},
  OPTnumber = 	 {},
  OPTseries = 	 {},
  OPTaddress = 	 {},
  OPTedition = 	 {},
  OPTmonth = 	 {},
  OPTnote = 	 {},
  OPTannote = 	 {}
}

@Book{pogue-anim,
  author = 	 {David Pogue},
  ALTeditor = 	 {},
  title = 	 {IMovie 3 \& IDVD: The Missing Manual},
  publisher = 	 {O'Reilly},
  year = 	 {2003},
  OPTkey = 	 {},
  OPTvolume = 	 {},
  OPTnumber = 	 {},
  OPTseries = 	 {},
  OPTaddress = 	 {},
  OPTedition = 	 {},
  OPTmonth = 	 {},
  OPTnote = 	 {},
  OPTannote = 	 {}
}

