@preamble{ "\newcommand{\noopsort}[1]{} "
	# "\newcommand{\printfirst}[2]{#1} "
	# "\newcommand{\singleletter}[1]{#1} "
	# "\newcommand{\switchargs}[2]{#2#1} " }

@string{celldocs = "http://www-128.ibm.com/developerworks/power/cell/docs\_documentation.html"}
@string{br = "\\"}

@misc{cell:website,
  author = "IBM",
  title = "{Cell Broadband Engine resource center}",
  note = br # "http://www-128.ibm.com/developerworks/power/cell/"
}

@techreport{cell:intro,
  author = "Thomas Chen and Ram Raghavan and Jason Dale and Eiji Iwata",
  title = "{Cell Broadband Engine Architecture and its first implementation}",
  institution = "IBM",
  year = 2005,
  note = br # "http://www.ibm.com/developerworks/power/library/pa-cellperf/"
}

@manual{cell:arch,
  title = "Cell Broadband Engine Architecture",
  organization = "IBM",
  note = br # celldocs
}

@manual{cell:handbook,
  title = "Cell Broadband Engine Programming Handbook",
  organization = "IBM",
  note = br # celldocs
}

@article{cell:micro,
  author = "Michael Kistler and Michael Perrone and Fabrizio Petrini",
  title = "{Cell Multiprocessor Communication Network: Built for Speed}",
  journal = "IEEE Micro",
  year = 2006
}

@techreport{cell:pf,
  author = "Alfredo Buttari and Piotr Luszczek and Jakub Kurzak and Jack Dongarra",
  title = "{SCOP3: A Rough Guide to Scientific Computing On the PlayStation 3}",
  institution = "University of Tennessee Knoxville",
  year = 2007,

}

@techreport{mcf,
  author = "Brian Bouzas and Robert Cooper and Jon Greene and Michael Pepe and Myra Jean Prelle",
  title = "{MultiCore Framework: An API for Programming Heterogeneous Multicore Processors}",
  institution = "Mercury Computer Systems, Inc.",
  year = 2006,

} 

@techreport{svm:specs,
  author = "Peter Mattson and William Thies and Lance Hammond and Michael Vahey",
  title = "{Streaming Virtual Machine Specification Version 1.0}",
  year = 2004,
  note = "\mbox{http://www.morphware.org}"
}

@inproceedings{streamgpp,
  author = "Jayanth Gummaraju and Mendel Rosenblum",
  title = "{Stream Programming on General-Purpose Processors}",
  booktitle = "Proceedings of the 38th Annual IEEE/ACM International Symposium on Microarchitecture",
  year = 2005
}

@inproceedings{rapidmind,
  author = "Michael D. McCool",
  title = "{Data-Parallel Programming on the Cell BE and the GPU using the RapidMind Development Platform}",
  booktitle = "GSPx Multi-core Applications Conference",
  year = 2006
}

@article{mpimicrotask,
  author = "M. Ohara and H. Inoue and Y. Sohda and H. Komatsu and T. Nakatani",
  title = "{MPI microtask for programming the Cell Broadband Engine processor}",
  journal = "IBM Systems Journal",
  year = 2006
}

@inproceedings{sequoia,
  author = "Kayvon Fatahalian and Timothy J. Knight and Mike Houston and Mattan Erez and Daniel Reiter Horn and Larkhoon Leem and Ji Young Park and Manman Ren and Alex Aiken and William J. Dally and Pat Hanrahan",
  title = "{Sequoia: Programming the Memory Hierarchy}",
  booktitle = "Proceedings of the ACM/IEEE Conference on Supercomputing",
  year = 2006
}

@inproceedings{cellss,
  author = "Pieter Bellens and Josep M. Perez and Rosa M. Badia and Jesus Labarta",
  title = "{CellSs: a Programming Model for the Cell BE Architecture}",
  booktitle = "Proceedings of the ACM/IEEE conference on Supercomputing",
  year = 2006
}

@inproceedings{svm,
  author = "Francois Labonte and Peter Mattson and Ian Buck and Christos Kozyrakis and Mark Horowitz",
  title = "{The Stream Virtual Machine}",
  booktitle = "Proceedings of the 13th International Conference on Parallel Architectures and Compilation Techniques",
  year = 2004
}

@article{Cell-hpca,
  author = "H. Peter Hofstee",
  title = "{Power Efficient Processor Architecture and the Cell Processor}",
  journal = "Proceedings of the 11th International Symposium on High Performance Computer Architecture",
  year = "2005"
}

@misc{streamitweb,
  title = "{StreamIt homepage}",
  note = "http://cag.csail.mit.edu/streamit/"
}

@article{survey97,
    author = "Robert Stephens",
    title = "{A Survey of Stream Processing}",
    journal = "Acta Informatica",
    year = "1997"
}

@MastersThesis{dxzhang-meng-07,
  author = "David Zhang",
  year = 2007,
  title = "{A Streaming Computation Framework for the Cell Processor}",
  type = "{M.Eng. Thesis}",
  school = "Massachusetts Institute of Technology"
}

@MastersThesis{mpeg,
  author = "Matthew Drake",
  year = 2006,
  title = "{Stream Programming for Image and Video Compression}",
  type = "{M.Eng. Thesis}",
  school = "Massachusetts Institute of Technology"
}

@MastersThesis{basier,
  author = "Abdulbasier Aziz",
  year = 2007,
  title = "{Image-Based Motion Estimation in a Stream Programming Language}",
  type = "{M.Eng. Thesis}",
  school = "Massachusetts Institute of Technology"
}

@InProceedings{asplos06,
  author = "Michael Gordon and William Thies and Saman Amarasinghe",
  title = "{Exploiting Coarse-Grained Task, Data, and Pipeline Parallelism in Stream Programs}",
  booktitle = "Proceedings of the 12th International Conference on Architectural Support for Programming Languages and Operating Systems",
  year = 2006
}

@InProceedings{asplos02,
  author = "Michael Gordon and William Thies and Michal Karczmarek and Jasper Lin and Ali S. Meli and Christopher Leger and Andrew A. Lamb and Jeremy Wong and Henry Hoffman and David Z. Maze and Saman Amarasinghe",
  title = "{A Stream Compiler for Communication-Exposed Architectures}",
  booktitle = "Proceedings of the 10th International Conference on Architectural Support for Programming Languages and Operating Systems",
  year = 2002
}

@InProceedings{messaging,
  author = "William Thies and Michal Karczmarek and Janis Sermulins and Rodric Rabbah and Saman Amarasinghe",
  title = "{Teleport Messaging for Distributed Stream Programs}",
  booktitle = "Symposium on Principles and Practice of Parallel Programming",
  year = 2005
}

@InProceedings{cacheopt,
  author = "Janis Sermulins and William Thies and Rodric Rabbah and Saman Amarasinghe",
  title = "{Cache Aware Optimization of Stream Programs}",
  booktitle = "Languages, Compilers, and Tools for Embedded Systems",
  year = 2005
}

@InProceedings{linear03,
  author = "Andrew A. Lamb and William Thies and Saman Amarasinghe",
  title = "{Linear Analysis and Optimization of Stream Programs}",
  booktitle = "ACM SIGPLAN Conference on Programming Language Design and Implementation",
  year = 2003
}

@InProceedings{linear05,
  author = "Sitij Agrawal and William Thies and Saman Amarasinghe",
  title = "{Optimizing Stream Programs Using Linear State Space Analysis}",
  booktitle = "Int. Conf. on Compilers, Architecture, and Synthesis for Embedded Systems",
  year = 2005
}

@article{sdf,
  author = "Edward Ashford Lee and David G. Messerschmitt",
  title = "{Static Scheduling of Synchronous Data Flow Programs for Digital Signal Processing}",
  journal = "IEEE Transactions on Computers",
  year = 1987
}

@inproceedings{brook,
  author = "Ian Buck and Tim Foley and Daniel Horn and Jeremy Sugerman and Kayvon Fatahalian and Mike Houston and Pat Hanrahan",
  title = "{Brook for GPUs: Stream Computing on Graphics Hardware}",
  booktitle = "Proceedings of the 31st International Conference on Computer Graphics and Interactive Techniques",
  year = 2004
}

@inproceedings{cg,
  author = "William R. Mark and R. Steven Glanville and Kurt Akeley and Mark J. Kilgard",
  title = "{Cg: A System for Programming Graphics Hardware in a C-like Language}",
  booktitle = "Proceedings of the 30th International Conference on Computer Graphics and Interactive Techniques",
  year = 2003
}

@article{streamc,
  author = "Ujval J. Kapasi and Scott Rixner and William J. Dally and Brucek Khailany and Jung Ho Ahn and Peter Mattson and John D. Owens",
  title = "{Programmable Stream Processors}",
  journal = "Computer",
  year = 2003
}

@PhdThesis{theo-phd-07,
  author = "Theodoros Konstantakopoulos",
  year = 2007,
  title = "{Energy Scalability of On-Chip Interconnection Network}",
  type = "{Ph.D. Thesis}",
  school = "Massachusetts Institute of Technology"
}
