@Article{SMART03,
  author = 	 {Markus P{\"u}schel and Jos{\'e} Moura},
  title = 	 {The Algebraic Approach to the Discrete Cosine and Sine Transforms and their Fast Algorithms},
  journal = 	 {SIAM Journal of Computing},
  year = 	 {2003},
  OPTkey = 	 {},
  volume = 	 {32},
  number = 	 {5},
  pages = 	 {1280--1316},
  OPTmonth = 	 {},
  OPTnote = 	 {},
  OPTannote = 	 {}
}

@article{ATLAS,
    author = "R. Clint Whaley and Antoine Petitet and Jack J. Dongarra",
    title = "Automated empirical optimizations of software and the {ATLAS} project",
    journal = "Parallel Computing",
    volume = "27",
    number = "1--2",
    pages = "3--35",
    year = "2001",
    url = "citeseer.nj.nec.com/whaley00automated.html"
}

@Article{Sparsity,
  author = 	 {E. Im and Katherine A. Yelick and Richard Vuduc},
  title = 	 "{SPARSITY: An Optimization Framework for Sparse Matrix Kernels}",
  journal = 	 {International Journal of High Performance Computing Applications},
  year = 	 {2004},
  OPTkey = 	 {},
  volume = 	 {18},
  number = 	 {1},
  pages = 	 {135--158},
  month = 	 {February},
  OPTnote = 	 {},
  OPTannote = 	 {}
}

@PhdThesis{covell-ade,
  author =       {Michele Mae Covell},
  title =        {An Algorithm Design Environment for Signal Processing},
  school =       {MIT},
  year =         {1989}
}

@Book{oppenheim-symbolic,
  editor =       {Alan V. Oppenheim and S. Hamid Nawab},
  title =        {Symbolic and Knowledge-Based Signal Processing},
  publisher =    {Prentice Hall},
  year =         {1992},
}

@ARTICLE{Spiral-SI,
  AUTHOR = {Markus P{\"u}schel and Jos{\'e} M. F. Moura and Jeremy Johnson and
    David Padua and Manuela Veloso and Bryan W. Singer and Jianxin Xiong and
    Franz Franchetti and Aca Ga\v{c}i\'{c} and Yevgen Voronenko and Kang Chen 
    and Robert W. Johnson and Nick Rizzolo},
  TITLE = {{SPIRAL}: Code Generation for {DSP} Transforms},
  JOURNAL = {Proceedings of the IEEE: Special Issue on Program Generation, Optimization, and Adaptation},
  optJOURNAL = {Proceedings of the IEEE},
  VOLUME = {93},
  NUMBER = 2,
  YEAR={2005}
}

@InProceedings{ATLAS-Sparsity-SI-alt,
	author = {James Demmel and Jack Dongarra and Victor Eijkhout and
		Erika Fuentes and Antoine Petitet and Richard Vuduc and
		R. Clint Whaley and Katherine Yelick},
	title = {Self Adapting Linear Algebra Algorithms and Software},
  JOURNAL = {Proceedings of the IEEE: Special Issue on Program Generation, Optimization, and Adaptation},
  optJOURNAL = {Proceedings of the IEEE},
	volume = {93},
	number = {2},
	month = {February},
	year = {2005}
}

@ARTICLE{ATLAS-Sparsity-SI,
  AUTHOR = {Jim Demmel and Jack Dongarra and Victor Eijkhout and
    Erika Fuentes and Antoine Petitet and Rich Vuduc and
    Clint Whaley and Katherine Yelick},
  TITLE = {Self Adapting Linear Algebra Algorithms and Software},
  JOURNAL = {Proceedings of the IEEE: Special Issue on Program Generation, Optimization, and Adaptation},
  optJOURNAL = {Proceedings of the IEEE},
  VOLUME = {93},
  NUMBER = 2,
  YEAR={2005}
}

@ARTICLE{FFTW-SI,
  AUTHOR = {Matteo Frigo and Steven G.~Johnson},
  TITLE = {The Design and Implementation of {FFTW3}},
  JOURNAL = {Proceedings of the IEEE: Special Issue on Program Generation, Optimization, and Adaptation},
  optJOURNAL = {Proceedings of the IEEE},
  VOLUME = {93},
  NUMBER = 2,
  YEAR={2005}
}

@misc{Lucid-Synchrone,
  OPTkey = 	 {},
  author = 	 {P. Caspi and M. Pouzet},
  title = 	 "{The Lucid Synchrone distribution}",
  OPThowpublished = {},
  OPTmonth = 	 {},
  OPTyear = 	 {},
  note = 	 {{\tt http://www-spi.lip6.fr/lucid-synchrone/}},
  OPTannote = 	 {}
}

@article{survey97,
    author = "Robert Stephens",
    title = "{A Survey of Stream Processing}",
    journal = "Acta Informatica",
    volume = "34",
    number = "7",
    OPTpages = "491--541",
    year = "1997",
    url = "citeseer.nj.nec.com/stephens95survey.html"
}

@InProceedings{thies05ppopp,
  author = 	 {William Thies and Michal Karczmarek and Janis Sermulins and Rodric Rabbah and Saman Amarasinghe},
  title = 	 {Teleport Messaging for Distributed Stream Programs},
  OPTcrossref =  {},
  OPTkey = 	 {},
  booktitle = {PPoPP},
  OPTpages = 	 {},
  year = 	 {2005},
  OPTeditor = 	 {},
  OPTvolume = 	 {},
  OPTnumber = 	 {},
  OPTseries = 	 {},
  OPTaddress = 	 {},
  OPTmonth = 	 {},
  OPTorganization = {},
  OPTpublisher = {},
  OPTnote = 	 {},
  OPTannote = 	 {}
}

@Article{lucid77,
  author = 	 {E.A. Ashcroft and W.W. Wadge},
  title = 	 {Lucid, a non procedural language with iteration},
  journal = 	 {Communications of the ACM},
  year = 	 {1977},
  OPTkey = 	 {},
  volume = 	 {20},
  number = 	 {7},
  pages = 	 {519--526},
  OPTmonth = 	 {},
  OPTnote = 	 {},
  OPTannote = 	 {}
}

@article{lee87static,
  author = "E. Lee and D. Messershmitt",
  title = "{Static Scheduling of Synchronous Data Flow Programs for Digital Signal Processing}",
    journal = "IEEE Trans. on Computers",
    volume = "C-36",
    number = "1",
    month = "January",
    pages = "24-35",
    year = "1987",
  }

@MASTERSTHESIS{Agrawal04,
   author = "Sitij Agrawal",
   title = "Linear State-Space Analysis and Optimization of {S}tream{I}t Programs",
   school = "MIT",
   month = "August",
   year = 2004,
   type = "{M.Eng. thesis}"
}

@preamble{ "\newcommand{\noopsort}[1]{} "
    # "\newcommand{\printfirst}[2]{#1} "
    # "\newcommand{\singleletter}[1]{#1} "
    # "\newcommand{\switchargs}[2]{#2#1} " }


@ARTICLE{Mayne,
   author = {D. Q. Mayne},
   title = "An elementary derivation of {R}osenbrock's minimal realization algorithm",
   journal = {IEEE Transactions on Automatic Control},
   year = 1973,
   pages = "306--307",
   month = "June"
}

@ARTICLE{Schutter,
   author = {B. De Schutter},
   title = {Minimal state-space realization in linear system theory: An overview},
   journal = {Journal of Computational and Applied Mathematics},
   year = 2000,
   volume = 121,
   number = "1--2",
   pages = "331--354+",
   month = "September"
}

@ARTICLE{Moore,
   author = {B. C. Moore},
   title = {Principal component analysis in linear sytems: controllability, observability, and model reduction},
   journal = {IEEE Trans. on Automatic Control},
   year = 1981,
   volume = 26,
   number = 1,
   pages = "17--31",
   month = FEB
}


@ARTICLE{Ackermann/Bucy,
   author = {J.E. Achermann and R.S. Bucy},
   title = {Canonical minimal realization of a matrix of impulse response sequences},
   journal = {Information and Control},
   year = 1971,
   numer = 3,
   pages = "224--231",
   month = "October"
}


@MASTERSTHESIS{Lamb,
   author = "Andrew A. Lamb",
   title = "Linear Analysis and Optimization of Stream Programs",
   type="{M.Eng. thesis}",
   school = "MIT",
   month = "May",
   year = 2003
}

@MASTERSTHESIS{Karczmarek,
   author = "Michael A. Karczmarek",
   title = "Constrained and Phased Scheduling of Synchronous Data Flow Graphs For the {S}tream{I}t Language",
   school = "Massachusetts Institute of Technology",
   month = "October",
   year = 2002
}

@BOOK{Trefethen,
   author = "Lloyd N. Trefethen and David Bau III",
   title = "Numerical Linear Algebra",
   publisher = "Society for Industrial and Applied Mathematics",
   address = "Philadelphia, PA",
   year = "1997"
}


@BOOK{Demmel,
   author = "James W. Demmel",
   title = "Applied Numerical Linear Algebra",
   publisher = "Society for Industrial and Applied Mathematics",
   address = "Philadelphia, PA",
   year = "1997"
}

@inproceedings{streamitcc,
 author = "William Thies and Michal Karczmarek and Saman Amarasinghe",
 title = "{StreamIt:  A Language for Streaming Applications}",
 booktitle = "{Proc. of the International Conference on Compiler Construction}",
 year = "{2002}",
 optaddress = "{Grenoble, France}"
}

@InProceedings{brook04,
  author = 	 {Ian Buck and Tim Foley and Daniel Horn and Jeremy Sugerman and Kayvon Fatahalian and Mike Houston and Pat Hanrahan},
  title = 	 "{Brook for GPUs: Stream Computing on Graphics Hardware}",
  OPTcrossref =  {},
  OPTkey = 	 {},
  booktitle =    {SIGGRAPH},
  OPTpages = 	 {},
  year = 	 {2004},
  OPTeditor = 	 {},
  OPTvolume = 	 {},
  OPTnumber = 	 {},
  OPTseries = 	 {},
  OPTaddress = 	 {},
  OPTmonth = 	 {},
  OPTorganization = {},
  OPTpublisher = {},
  OPTnote = 	 {},
  OPTannote = 	 {}
}

@INPROCEEDINGS{spidle03,
AUTHOR = {Consel, C. and Hamdi, H. and Réveillère, L. and Singaravelu, L. and Yu, H. and Pu, C.},
TITLE = {Spidle: A {DSL} Approach to Specifying Streaming Application},
BOOKTITLE = { 2nd Int. Conf. on Generative Programming and Component Engineering},
YEAR = {2003},
optADDRESS = {Erfurt, Germany},
optMONTH = SEP,
PDF = {http://compose.labri.fr/documentation/papers/consel-al_gpce03.pdf},
KEYWORD = {DSL} 
}

@ARTICLE{Spiral,
   author = {M. P$\ddot{u}$schel and B. Singer and J. Xiong and J. M .F. Moura and J. Johnson and D. Padua and M. M. Veloso and R. W. Johnson},
   title = {SPIRAL: A Generator for Platform-Adapted Libraries of Signal Processing Algorithms},
   journal = {Journal of High Performance Computing and Applications, special issue on Automatic Performance Tuning},
   optjournal = {Journal of High Performance Computing and Applications},
   year = 2004,
   volume = 18,
   number = 1,
   pages = "21--45"
}


@inproceedings{fftw,
 author = "M. Frigo",
 title = "{A Fast Fourier Transform Compiler}",
 booktitle = "{PLDI}",
 year = "{1999}"
}


@ARTICLE{Lustre,
   author = {N. Halbwachs and P. Caspi and P. Raymond and D. Pilaud},
   title = {The Synchronous Data Flow Language {LUSTRE}},
   journal = {Proceedings of the IEEE},
   year = 1991,
   volume = 79,
   number = 1
}

@ARTICLE{Esterel,
   author = {Gerard Berry and Georges Gonthier},
   title = "{The Esterel Synchronous Programming Language: Design, Semantics, Implementation}",
   journal = {Science of Computer Programming},
   year = 1992,
   volume = 19,
   number = 2
}

@ARTICLE{Signal,
   author = {Thierry Gautier and Paul Le Guernic and Loic Besnard},
   title = {Signal: A Declarative Language for Synchronous Programming of Real-Time Systems},
   journal = {Springer Verlag LNCS},
   year = 1987,
   volume = 274
}


@inproceedings{sisal,
 author = "J. Gaudiot and W. Bohm and T. DeBoni and J. Feo and P. Mille",
 title = "{The Sisal Model of Functional Programming and its Implementation}",
 booktitle = "{Proc. of the 2nd Aizu Int. Symposium on Parallel Algorithms/Architecture Synthesis}",
 year = "{1997}"
}


@article{imagine03ieee,
author="Ujval J. Kapasi and Scott Rixner and William J. Dally and Brucek Khailany and Jung Ho Ahn and Peter Mattson and John D. Owens",
title="Programmable Stream Processors",
journal="IEEE Computer",
year="2003"}

@InProceedings{ph,
author="Shail Aidtya and Arvind and Lennart Augustsson and J. Maessen and Rishiyur S. Nikhil",
title="{Semantics of pH: A parallel dialect of Haskell}",
booktitle="Haskell Workshop",
year="1995"}

@InProceedings{cg03,
  author = 	 {William R. Mark and R. Steven Glanville and Kurt Akeley and Mark J. Kilgard},
  title = 	 "{Cg: A System for Programming Graphics Hardware in a C-like Language}",
  OPTcrossref =  {},
  OPTkey = 	 {},
  booktitle = {SIGGRAPH},
  OPTpages = 	 {},
  year = 	 {2003},
  OPTeditor = 	 {},
  OPTvolume = 	 {},
  OPTnumber = 	 {},
  OPTseries = 	 {},
  OPTaddress = 	 {},
  OPTmonth = 	 {},
  OPTorganization = {},
  OPTpublisher = {},
  OPTnote = 	 {},
  OPTannote = 	 {}
}

@inproceedings{streamc,
 author = "Scott Rixner and William J. Dally and Ujval J. Kapani and Brucek Khailany and Abelardo Lopez-Lagunas and Peter R. Manson and John D. Owens",
 title = "{A Bandwidth-Efficient Architecture for Media Processing}",
 booktitle = "{HPCA}",
 year = "{1998}"
}


@BOOK{Occam,
   author = "Inmos Corporation",
   title = "Occam 2 Reference Manual",
   publisher = "Prentice Hall",
   year = "1988"
}


@BOOK{kopi,
   author = "Vincent Gay-Para and Thomas Graf and A. Lemonnier and Erhard Wais",
   title = "The Kopi Project",
   address = "http://www.dms.at/kopi/",
   year = "2001"
}


@inproceedings{dynamo,
 author = "Vasanth Bala and Evelyn Duesterwald and Sanjeev Banerjia",
 title = "{Dynamo: A transparent dynamic optimization system}",
 booktitle = "{PLDI}",
 year = "{1999}"
}



@InProceedings{dynamorio,
  author = 	 {Derek Bruening and Timothy Garnett and Saman Amarasinghe},
  title = 	 {An Infrastructure for Adaptive Dynamic Optimization},
  OPTcrossref =  {},
  OPTkey = 	 {},
  booktitle = {CGO},
  OPTpages = 	 {},
  year = 	 {2003},
  OPTeditor = 	 {},
  OPTvolume = 	 {},
  OPTnumber = 	 {},
  OPTseries = 	 {},
  OPTaddress = 	 {},
  month = 	 {March},
  OPTorganization = {},
  OPTpublisher = {},
  OPTnote = 	 {},
  OPTannote = 	 {}
}



@Article{Potkonjak00,
  author = 	 {Miodrag Potkonjak and Jan M. Rabaey},
  title = 	 {Maximally and Arbitrarily Fast Implementation of Linear and Feedback Linear Computations},
  journal = 	 {IEEE Trans. on Computer-Aided Design of Integrated Circuits and Systems},
  year = 	 {2000},
  OPTkey = 	 {},
  volume = 	 {19},
  number = 	 {1},
  pages = 	 {30--43},
  OPTmonth = 	 {},
  OPTnote = 	 {},
  OPTannote = 	 {}
}

@InProceedings{Janssen94,
  author = 	 {Martin Janssen and Francky Catthoor and Hugo De Man},
  title = 	 {A specification invariant technique for operation cost minimisation in flow-graphs},
  OPTcrossref =  {},
  OPTkey = 	 {},
  booktitle = {Proc. of the 7th Int. Symposium on High-level Synthesis},
  pages = 	 {146--151},
  year = 	 {1994},
  OPTeditor = 	 {},
  OPTvolume = 	 {},
  OPTnumber = 	 {},
  OPTseries = 	 {},
  OPTaddress = 	 {},
  OPTmonth = 	 {},
  OPTorganization = {},
  OPTpublisher = {},
  OPTnote = 	 {},
  OPTannote = 	 {}
}

%%%%%%%%%%%%%%%%%%%%%%%%%%%%%%%%%%%%%%%%%%%%%%%%%%%%%%%%%%%%%%%%%%%%%%%%%%
