
%=======================================================================
% Journal abbreviations:

@String{j-PARALLEL-COMPUTING    = "Parallel Computing"}
@String{j-INT-J-PARALLEL-PROG   = "Int. J. of Parallel
                                   Programming"}
@String{j-CACM                  = "Communications of the ACM"}
@String{j-OOPS-MESSENGER        = "OOPS Messenger"}
@String{j-SIGMOD                = "ACM SIG{\-}MOD Record"}
@String{j-SIGPLAN               = "ACM SIG{\-}PLAN Notices"}

%=======================================================================
% Publisher abbreviations:

@String{pub-NH                  = "North-Hol{\-}land"}
@String{pub-NH:adr              = "Amsterdam, The Netherlands"}
@String{pub-ACM                 = "ACM Press"}
@String{pub-ACM:adr             = "New York, NY, USA"}
@String{pub-AW                  = "Ad{\-d}i{\-s}on-Wes{\-l}ey"}
@String{pub-AW:adr              = "Reading, MA, USA"}

%=======================================================================
% Series abbreviations:

@String{ser-SIGPLAN               = "ACM SIG{\-}PLAN Notices"}

%=======================================================================
% Entries

@misc{pca,
  author = "J. Lebak",
  title = "{Polymorphous Computing Architecture (PCA) Example Applications and Description}",
  howpublished = "External Report, Lincoln Laboratory, Massachusetts Institute of Technology",
  year = "August 2001"
}
@inproceedings{pro96,
    author = "Todd A. Proebsting and Scott A. Watterson",
    title = "{Filter Fusion}",
    booktitle = "Symposium on Principles of Programming Languages",
    pages = "119-130",
    year = "1996",
    url = "citeseer.nj.nec.com/proebsting96filter.html"
}

@article{lustre,
    author = "N. Halbwachs and P. Caspi and P. Raymond and D. Pilaud",
    title = "{The synchronous data-flow programming language LUSTRE}",
    journal = "Proceedings of the IEEE",
    volume = "79",
    number = "9",
    month = "September",
    pages = "1305--1320",
    year = "1991",
    url = "citeseer.nj.nec.com/halbwachs91synchronous.html" 
}

@misc{ptolemyoverview,
  author = "Edward A. Lee",
  title = "{Overview of the Ptolemy Project}",
  howpublished = "UCB/ERL Technical Memorandum UCB/ERL M01/11, Dept. EECS, University of California, Berkeley, CA",
  month = "March",
  year = "2001",
  text = "E.A. Lee, Overview of the Ptolemy Project, UCB/ERL Technical Memorandum UCB/ERL M01/11, Dept. EECS, University of California, Berkeley, CA 94720, March 2001."
}

@InProceedings{bhat1999x1,
  author = {S. S. Bhattacharyya},
  title = "{Optimization Trade-offs in the Synthesis of Software for Embedded
  {DSP}}",
  booktitle = {Proceedings of the International Workshop on Compiler and
  Architecture Support for Embedded Systems},
  year = {1999},
  month = {October},
  note = {Washington, D. C.},
  postscript = {bhat1999x3.ps},
  pdf = {bhat1999x3.pdf}
}

@misc{kopi,
author = "Vincent Gay-Para, Thomas Graf, Andre-Guillaume Lemonnier, and Erhard Wais",
title = "{Kopi Reference manual}",
howpublished = "http://www.dms.at/kopi/docs/kopi.html",
year = "2001"}

@misc{gov94,
  author = "R. Govindarajan and G. Gao and P. Desai",
  title = "{Minimizing Memory Requirements in Rate-Optimal Schedules}",
  howpublished = "Proc. of the Intl. Conf. on Application Specific
    Array Processors, San Francisco",
  text = "R. Govindarajan, G. R. Gao, P. Desai, Minimizing Memory Requirements in
    Rate-Optimal Schedules, Proc. of the Intl. Conf. on Application Specific
    Array Processors, San Francisco, Aug., 1994.",
  year = "1994",
  url = "citeseer.nj.nec.com/govindarajan93minimizing.html" }

@inproceedings{goddardmanaging,
    author = "S. Goddard and K. Jeffay",
    title = "{Managing Memory Requirements in the Synthesis of Real-Time Systems from Processing Graphs}",
    howpublished = "IEEE Real-Time Technology and Applications Symposium",
    year = "1998",
    pages = "59--70",
    url = "citeseer.nj.nec.com/goddard98managing.html" }


@Book{bhat1996x1,
  author = {S. S. Bhattacharyya and P. K. Murthy and E. A. Lee},
  title = "{Software Synthesis from Dataflow Graphs}",
  year = {1996},
  publisher = {Kluwer Academic Publishers},
  note = {189 pages},
  url = {http://www.wkap.nl/book.htm/0-7923-9722-3}
}


@misc{lauwereins94geometric,
  author = "R. Lauwereins and P. Wauters and M. Ade and J. Peperstraete",
  title = "{Geometric parallelism and cyclo-static data flow in Grape-II}",
  text = "R. Lauwereins, P. Wauters, M. Ade, and J. A. Peperstraete. Geometric parallelism
    and cyclo-static data flow in grape-ii. In Proc. IEEE Workshop on Rapid
    System Prototyping, Grenoble, France, June 1994.",
  year = "1994" }

@Article{murt1997x1,
  author = {P. K. Murthy and S. S. Bhattacharyya and E. A. Lee},
  title = "{Joint Minimization of Code and Data for Synchronous Dataflow
  Programs}",
  journal = {Journal of Formal Methods in System Design},
  year = {1997},
  month = {July},
  volume = {11},
  number = {1},
  pages = {41--70},
  pdf = {murt1997x1.pdf}
}

@Article{murt2001x1,
  author = {P. K. Murthy and S. S. Bhattacharyya},
  title = "{Shared Buffer Implementations of Signal Processing Systems using
  Lifetime Analysis Techniques}",
  journal = {IEEE Transactions on Computer-Aided Design of Integrated Circuits
  and Systems},
  year = {2001},
  month = {February},
  volume = {20},
  number = {2},
  pages = {177--198},
  pdf = {murt2001x1.pdf}
}

@InProceedings{murt1999x3,
  author = {P. K. Murthy and S. S. Bhattacharyya},
  title = "{A Buffer Merging Technique for Reducing Memory Requirements of
  Synchronous Dataflow Specifications}",
  booktitle = "{Proceedings of the International Symposium on System Synthesis}",
  year = {1999},
  month = {November},
  pages = {78--84},
  address = {San Jose, California},
  pdf = {murt1999x3.pdf}
}

@misc{sdlrec,
  title = "{Specification and Description Language}",
  howpublished = "CCITT Recommendation Z.100, ITU, Geneva",
  year = "1992",
  text = "CCITT Recommendation Z.100, Specification and Description Language (CCITT-SDL), ITU, Geneva, 1992."
}

@misc{streamittech,
  author = "Bill Thies and Michal Karczmarek and Saman Amarasinghe",
  title = "{StreamIt:  A Language for Streaming Applications}", 
  howpublished = "MIT-LCS Technical Memo LCS-TM-620, Cambridge, MA",
  year = "2001"
}

@book{leesdf,
  author = {S. S. Bhattacharyya and P. K. Murthy and E. A. Lee},
  title = "{Software Synthesis from Dataflow Graphs}",
  year = {1996},
  publisher = {Kluwer Academic Publishers},
  note = {189 pages},
  url = {http://www.wkap.nl/book.htm/0-7923-9722-3}
}

@article{esterel92,
    author = "Gerard Berry and Georges Gonthier",
    title = "{The Esterel Synchronous Programming Language: Design, Semantics, Implementation}",
    journal = "Science of Computer Programming",
    volume = "19",
    number = "2",
    pages = "87-152",
    year = "1992"
}

@BOOK{java,
  AUTHOR = {Gosling, J. and Joy, B. and Steele, G.},
  TITLE = "{The Java Language Specification}",
  PUBLISHER = {Addison Wesley},
  YEAR = {1997}
}

@misc{sicp,
    author = "H. Abelson and G. Sussman",
    title = "{Structure and Interpretation of Computer Programs}",
    howpublished = "MIT Press, Cambridge, MA",
    year = "1985",
    text = "Harold Abelson and Gerald Sussman. Structure and Interpretation of Computer
      Programs. MIT Press, Cambridge, Mass., 1985."
}

@article{survey97,
    author = "Robert Stephens",
    title = "{A Survey of Stream Processing}",
    journal = "Acta Informatica",
    volume = "34",
    number = "7",
    pages = "491--541",
    year = "1997",
    url = "citeseer.nj.nec.com/stephens95survey.html"
}

@InProceedings{Barthou98,
  author =       "D. Barthou and A. Cohen and J.F. Collard",
  title =        "{Maximal Static Expansion}",
  pages =        "98--106",
  booktitle =    {Principles of Programming Languages},
  year =         1998,
  address =      "San Diego, CA",
  month =        jan
}

@Techreport{Cohen98,
   author = "A. Cohen and V. Lefebvre",
   title = "{Optimization of storage mappings for parallel programs}",
   institution = "PRiSM, U. of Versailles",
   type = "Technical Report",
   number = "1998/46",
   year = 1988,
}



@Article{Cohen99,
  author =       "A. Cohen",
  title =        "{Parallelization via Constrained Storage Mapping
                 Optimization}",
  journal =      "Lecture Notes in Computer Science",
  volume =       "1615",
  pages =        "83--94",
  year =         "1999",
  coden =        "LNCSD9",
  ISSN =         "0302-9743",
  bibdate =      "Mon Sep 13 16:57:02 MDT 1999",
  acknowledgement = ack-nhfb,
}



@Techreport{PAF,
    author = "Paul Feautrier and Jean-François Collard and Michel Barreteau and Denis Barthou and Albert Cohen and Vincent Lefebvre",
    title = "{The Interplay of Expansion and Scheduling in PAF}",
   institution = "PRiSM, U. of Versailles",
   type = "Technical Report",
   number = "1998/6",
   year = 1988,
}


@Book{DarteRoVi00,
  author =	 {Alain Darte and Yves Robert and Fr\'{e}d\'{e}ric Vivien},
  title = 	 "{Scheduling and Automatic Parallelization}",
  publisher = 	 {Birkh\"{a}user Boston},
  year = 	 2000
}

@INPROCEEDINGS{Feautrier88c,
        AUTHOR             = {Paul Feautrier},
        BOOKTITLE          = {ACM Int. Conf. on Supercomputing},
        PAGES              = {429-441},
        TITLE              = "{Array expansion}",
        YEAR               = {1988}
}

@ARTICLE{Feautrier91,
        AUTHOR             = {Paul Feautrier},
        JOURNAL =      j-INT-J-PARALLEL-PROG,  
        NUMBER             = {1},
        PAGES              = {23-51},
        TITLE              = "{Dataflow analysis of array and scalar references}",
        VOLUME             = {20},
        YEAR               = {1991}
}

@Article{Feautrier92i,
  author =       "Paul Feautrier",
  title =        "{Some efficient solutions to the affine scheduling
                 problem. Part {I}. One-dimensional time}",
  journal =      j-INT-J-PARALLEL-PROG,
  volume =       "21",
  number =       "5",
  pages =        "313--347",
  month =        oct,
  year =         "1992",
  CODEN =        "IJPPE5",
  ISSN =         "0885-7458",
  MRclass =      "68M20",
  MRnumber =     "94i:68030",
  bibdate =      "Sat Apr 26 13:44:09 MDT 1997",
  bibsource =    "Compendex database",
  acknowledgement = ack-nhfb,
  affiliation =  "Univ de Versailles St. Quentin",
  affiliationaddress = "Versailles, Fr",
  classification = "722.4; 723.2; 921.1; 921.5; C4240P (Parallel
                 programming and algorithm theory); C5220P (Parallel
                 architecture); C6150N (Distributed systems)",
  corpsource =   "Inst. Blaise Pascal, Versailles Univ., France",
  journalabr =   "Int J Parallel Program",
  keywords =     "actions; affine scheduling problem; Affine scheduling
                 problem; Algorithms; Automatic parallelization;
                 automatic parallelization; Automatic systolic array
                 design; automatic systolic array design; closed form
                 schedules; compiling; execution date; integral vectors;
                 iteration domains; Iteration vector; iterative methods;
                 Iterative methods; linear programming; Linear
                 programming; multiprocessor architectures;
                 one-dimensional time; Parallel processing systems;
                 parallel programming; parallelism; parametric linear
                 program; Piecewise affine functions; precedence
                 constraints; program execution; programming theory;
                 recurrence equations; Recurrence equations; Scheduling;
                 scheduling; systolic arrays; Vectors; vectors",
  treatment =    "T Theoretical or Mathematical",
}

@Article{Feautrier92ii,
  author =       "Paul Feautrier",
  title =        "{Some Efficient Solutions to the Affine Scheduling
                 Problem. Part {II}. Multidimensional Time}",
  journal =      j-INT-J-PARALLEL-PROG,
  volume =       "21",
  number =       "6",
  pages =        "389--420",
  month =        dec,
  year =         "1992",
  CODEN =        "IJPPE5",
  ISSN =         "0885-7458",
  MRclass =      "68M20",
  MRnumber =     "94k:68015",
  bibdate =      "Sat Apr 26 13:44:09 MDT 1997",
  acknowledgement = ack-nhfb,
  classification = "C4240P (Parallel programming and algorithm theory);
                 C6110P (Parallel programming); C6150N (Distributed
                 systems)",
  corpsource =   "Lab. MASI, Versailles St-Quentin Univ., France",
  keywords =     "affine scheduling problem; computational complexity;
                 divide and conquer strategy; lexicographic ordering;
                 loop nests; multidimensional schedules;
                 multidimensional time; parallel algorithm; parallel
                 algorithms; parallel complexity; parallel programming;
                 parallelism detection; parallelizing compilers;
                 performance; polynomial complexity; polynomial
                 schedules; scheduling; source program; static control
                 program",
  treatment =    "T Theoretical or Mathematical",
}

@INPROCEEDINGS{IT88,
        AUTHOR             = {François Irigoin and R\'emy Triolet},
        ADDRESS            = {San Diego, CA},
        BOOKTITLE          = "{Proc. 15th Annual ACM Symp. Principles of Prog. Languages}",
        MONTH              = jan,
        PAGES              = {319--329},
        TITLE              = "{Supernode Partitioning}",
        YEAR               = {1988}
}

@Article{Lefebvre98,
  author =       "Vincent Lefebvre and Paul Feautrier",
  title =        "{Automatic storage management for parallel programs}",
  journal =      j-PARALLEL-COMPUTING,
  volume =       "24",
  number =       "3--4",
  pages =        "649--671",
  day =          "1",
  month =        may,
  year =         "1998",
  CODEN =        "PACOEJ",
  ISSN =         "0167-8191",
  bibdate =      "Fri Aug 6 10:15:46 MDT 1999",
  bibsource =    "Compendex database;
                 http://www.elsevier.com/cgi-bin/cas/tree/store/parco/cas_free/browse/browse.cgi?year=1998&volume=24&issue=3-4",
  URL =          "http://www.elsevier.com/cas/tree/store/parco/sub/1998/24/3-4/1306.pdf",
  acknowledgement = ack-nhfb,
  affiliation =  "Universite de Versailles-St. Quentin",
  affiliationaddress = "Versailles, Fr",
  classification = "722.4; 722.1; 723.1",
  journalabr =   "Parallel Comput",
  keywords =     "Parallel processing systems; Storage allocation
                 (computer); Program translators; Flowcharting; Response
                 time (computer systems); Automatic storage management;
                 Array dataflow analysis",
}

@INPROCEEDINGS{Lim97, 
    author = "A. Lim and M. Lam",
    title = "{Maximizing parallelism and minimizing synchronization with affine transforms}",
    text = "Amy W. Lim and Monica S. Lam. Maximizing parallelism and minimizing synchronization
      with affine transforms. In Proceedings of the 24th Annual ACM SIGPLAN-SIGACT
      Symp. on Principles of Prog. Languages, January 1997.",
    year = "1997",
    booktitle = "{Proceedings of the 24th Annual ACM SIGPLAN-SIGACT Symp. on Principles of Prog. Languages}",
    month = jan
}

q
@Article{Lim98,
  author =       "Amy W. Lim and Monica S. Lam",
  title =        "{Maximizing parallelism and minimizing synchronization
                 with affine partitions}",
  journal =      j-PARALLEL-COMPUTING,
  volume =       "24",
  number =       "3--4",
  pages =        "445--475",
  day =          "1",
  month =        may,
  year =         "1998",
  CODEN =        "PACOEJ",
  ISSN =         "0167-8191",
  bibdate =      "Fri Aug 6 10:15:46 MDT 1999",
  bibsource =    "Compendex database;
                 http://www.elsevier.com/cgi-bin/cas/tree/store/parco/cas_free/browse/browse.cgi?year=1998&volume=24&issue=3-4",
  URL =          "http://www.elsevier.com/cas/tree/store/parco/sub/1998/24/3-4/1298.pdf",
  acknowledgement = ack-nhfb,
  affiliation =  "Stanford Univ",
  affiliationaddress = "Stanford, CA, USA",
  classification = "722.4; 723; 921; 723.2; 723.1",
  journalabr =   "Parallel Comput",
  keywords =     "Parallel processing systems; Algorithms; Data
                 acquisition; Computer systems programming; Program
                 compilers; Data dependence vectors; Data dependence
                 abstractions",
}

@Article{Loechner97,
  author =       "Vincent Loechner and Doran K. Wilde",
  title =        "{Parameterized Polyhedra and Their Vertices}",
  journal =      j-INT-J-PARALLEL-PROG,
  volume =       "25",
  number =       "6",
  pages =        "525--549",
  month =        dec,
  year =         "1997",
  CODEN =        "IJPPE5",
  ISSN =         "0885-7458",
  bibdate =      "Tue Apr 7 18:25:25 MDT 1998",
  bibsource =    "Compendex database",
  acknowledgement = ack-nhfb,
  affiliation =  "Universite Louis Pasteur de Strasbourg",
  affiliationaddress = "Illkirch, Fr",
  classification = "722.4; 723; 723.1.1; 921",
  journalabr =   "Int J Parallel Program",
  keywords =     "C (programming language); Computational methods;
                 Parallel algorithms; Parallel processing systems;
                 Parameterized affine recurrence equations (pare);
                 Parameterized polyhedra; Parametric analysis",
}

@Article{Needleman70,
    author = "S. B. Needleman and C. D. Wunsch",
    title = "{A general method applicable to the search of similarities in the amino acid sequence of two proteins}",
    journal = "Journal of Molecular Biology",
    volume = "48",
    pages = "443--453",
    year = "1970"
}

@Misc{Polyliburl,
  key =		 {Polylib},
  title =	 "{PolyLib - A library of polyhedral functions}",
  howpublished = {\url{http://icps.u-strasbg.fr/polylib/}}
}

@ARTICLE{Pugh92,
        AUTHOR             = {William Pugh},
        JOURNAL            = {Communications of the ACM},
        MONTH              = aug,
        PAGES              = {102-114},
        TITLE              = "{The {O}mega test: a fast and practical integer programming algorithm for dependence analysis}",
        VOLUME             = {8},
        YEAR               = {1992}
}

@BOOK{Schrijver86,
        AUTHOR             = {Alexander Schrijver},
        ADDRESS            = {New York},
        PUBLISHER          = {John Wiley and Sons},
        TITLE              = "{Theory of Linear and Integer Programming}",
        YEAR               = {1986}
}

@Inproceedings{Strout98,
    author = "Michelle Mills Strout and Larry Carter and Jeanne Ferrante and Beth Simon",
    title = "{Schedule-Independent Storage Mapping for Loops}",
    booktitle = {Architectural Support for Programming Languages and Operating Systems},
    pages = "24-33",
    year = "1998",
    url = "citeseer.nj.nec.com/7497.html"
}

@Article{Wilde97,
  author =       "D. Wilde and S. Rajopadhye",
  title =        "{Memory reuse analysis in the polyhedral model}",
  journal =      "Parallel Processing Letters",
  volume =       "7",
  number =       "2",
  pages =        "203--215",
  month =        jun,
  year =         "1997",
  coden =        "PPLTEE",
  ISSN =         "0129-6264",
  bibdate =      "Tue Oct 21 18:27:39 MDT 1997",
  acknowledgement = ack-nhfb,
  classification = "C4240P (Parallel programming and algorithm theory);
                 C6110P (Parallel programming); C6120 (File
                 organization); C6140D (High level languages); C6150C
                 (Compilers, interpreters and other processors)",
  conflocation = "Wadern, Germany; April 1996",
  conftitle =    "Fundamental Aspects of Parallel Processing",
  corpsource =   "Dept. of Electr. Eng., Brigham Young Univ., Provo, UT,
                 USA",
  keywords =     "affine recurrence equations; ALPHA; compiler;
                 functional data-parallel language; functional
                 languages; functional programming; memory reuse
                 analysis; multiple assignment code; parallel languages;
                 parallel programming; polyhedral model; program
                 compilers; program variables; scheduled
                 single-assignment code; scheduling; storage
                 allocation",
  pubcountry =   "Singapore",
  treatment =    "P Practical",
}

@misc{spectrumware,
  author = "D. Tennenhouse and V. Bose",
  title = "{The SpectrumWare Approach to Wireless Signal Processing}",
  howpublished = "Wireless Networks",
  year = "1999",
}


@misc{smartmemories,
  author = "K. Mai and T. Paaske and N. Jayasena and R. Ho and W. Dally and
M. Horowitz",
  title = "{Smart memories: A modular recongurable architecture}",
  text = "K. Mai, T. Paaske, N. Jayasena, R. Ho, W. J. Dally, and M.
Horowitz, \Smart
    memories: A modular recongurable architecture, in Proceedings of the
27th
    Annual International Symposium on Computer Architecture (ISCA'00),
(Vancouver,
    BC, Canada), pp. 161-171, June 12-14 2000.",
  year = "2000" }

@misc{raw,
  author = "Elliot Waingold and Michael Taylor and Devabhaktuni Srikrishna
and Vivek Sarkar and Walter Lee and Victor Lee and Jang Kim and Matthew
Frank and Peter Finch and Rajeev Barua and Jonathan Babb and Saman
Amarasinghe, and Anant Agarwal.",
  title = "{Baring it all to Software: The Raw Machine}",
  howpublished = "MIT/LCS Technical Report TR-709, Cambridge, MA",
  year = "1997"
}

@misc{trips,
  author = "K. Sankaralingam and R. Nagarajan and S.W. Keckler and D.C.
Burger",
  title = "{A Technology-Scalable Architecture for Fast Clocks and High ILP}",
  howpublished = "The University of Texas at Austin, Department of Computer
Sciences Technical Report TR-01-02",
  year = "2001"
}


@INPROCEEDINGS{IT88,
        AUTHOR             = {François Irigoin and R\'emy Triolet},
        ADDRESS            = {San Diego, CA},
        BOOKTITLE          = {Proc. 15th Annual ACM Symp. Principles of Programming Languages},
        MONTH              = jan,
        PAGES              = {319--329},
        TITLE              = "{Supernode Partitioning}",
        YEAR               = {1988}
}


@BOOK{Schrijver86,
        AUTHOR             = {Alexander Schrijver},
        ADDRESS            = {New York},
        PUBLISHER          = {John Wiley and Sons},
        TITLE              = "{Theory of Linear and Integer Programming}",
        YEAR               = {1986}
}

@misc{ murthy94combined,
  author = "P. Murthy and S. Bhattacharyya and E. Lee",
  title = "{Combined Code and Data Minimization for Synchronous Dataflow Programs}",
  text = "P. K. Murthy, S. S. Bhattacharyya, and E. A. Lee, Combined Code and Data
    Minimization for Synchronous Dataflow Programs, Memorandum No. UCB/ERL M94/93,
    Electronics Research Laboratory, University of California at Berkeley, November,
    1994, WWW URL: http// ptolemy.eecs.berkeley.edu/papers/jointCodeDataMinimize.",
  year = "1994" }

@PhdThesis{bhat1994x3,
  author = {S. S. Bhattacharyya},
  title = "{Compiling Dataflow Programs for Digital Signal Processing}",
  year = {1994},
  month = {July},
  school = {Department of Electrical Engineering and Computer Sciences,
  University of California at Berkeley},
  pdf = {bhat1994x3.pdf}
}

@INPROCEEDINGS(Rix98,
    author = "Scott Rixner and William J. Dally and Ujval J. Kapani and Brucek Khailany and Abelardo Lopez-Lagunas and Peter R. Mattson and John D. Owens",
    title = "{A Bandwidth-Efficient Architecture for Media Processing}",
    booktitle = "HPCA",
    month = "November",
    year = 1998,
    address = "Dallas, TX")

