@MASTERSTHESIS(Liv88,
    author = "Brian Kevin Livezey",
    title = "The {ASPEN} Distributed Stream Processing Environment",
    school = "UCLA Computer Science Dept.",
    month = "December",
    year = 1988,
    address = "Los Angeles, CA 90024-1596")

@INPROCEEDINGS(Par92,
    author = "D. Stott Parker and Eric Simon and Patrick Valduriez",
    title = "{SVP} -- a Model Capturing Sets, Streams, and Parallelism",
    booktitle = "Proceedings of the 18th Conference on Very Large Data Bases",
    month = "August",
    year = 1992,
    pages = "115-126",
    address = "Vancouver, British Columbia")

@MASTERSTHESIS(Bos92,
    author = "Arman Bostani",
    title = "{CFC}: An Efficient Stream-Processing Environment",
    school = "UCLA Computer Science Dept.",
    month = "December",
    year = 1992,
    address = "Los Angeles, CA 90024-1596")

@INPROCEEDINGS(Bos97,
    author = "Vanu G. Bose and Alok B. Shah and Michael Ismert",
    title = "Software Radios for Wireless Networking",
    booktitle = "Infocomm '98",
    month = "April",
    year = 1997,
    address = "San Francisco, CA")

@ARTICLE(Bos99,
    author = "Vanu Bose and Mike Ismert and Matt Welborn and John Guttag",
    title = "Virtual Radios",
    journal = "IEEE Journal on Selected Areas in Communication, Special Issue on Software Radios",
    year = 1999)

@INPROCEEDINGS(Rix98,
    author = "Scott Rixner and William J. Dally and Ujval J. Kapani and Brucek Khailany and Abelardo Lopez-Lagunas and Peter R. Mattson and John D. Owens",
    title = "A Bandwidth-Efficient Architecture for Media Processing",
    booktitle = "Proceedings of the 6th International Symposium on High-Performance Computer Architecture",
    month = "November",
    year = 1998,
    address = "Dallas, TX")

@PHDTHESIS(Rib90,
    author = "Hudson B. Ribas",
    title = "Automatic Generation of Systolic Programs from Nested Loops",
    school = "Carnegie Mellon University",
    month = "June",
    year = 1990,
    address = "Pittsburgh, PA 15213")

@PHDTHESIS(Lee92,
    author = "Corinna Grace Lee",
    title = "Code Optimizers and Register Organizations for Vector Architectures",
    school = "University of California, Berkeley",
    month = "May",
    year = 1992,
    address = "Berkeley, CA 94720")


@ARTICLE(Aga99,
    author = "Anant Agarwal",
    title = "Raw Computation",
    journal = "Scientific American",
    month = "August",
    year = 1999,
    volume = 281,
    number = 2,
    pages = "60-63")

@ARTICLE(Wai97,
    author = "Elliot Waingold and Michael Taylor and Devabhaktuni Srikrishna and Vivek Sarkar and Walter Lee and Victor Lee and Jang Kim and Matthew Frank and Peter Finch and Rajeev Barua and Jonathan Babb and Saman Amarasinghe and Anant Agarwal",
    title = "Baring It All to Software: Raw Machines",
    journal = "IEEE Computer",
    month = "September",
    year = 1997,
    volume = 30,
    number = 9,
    pages = "86-93")

@INPROCEEDINGS(Bar99,
    author = "Rajeev Barua and Walter Lee and Saman Amarasinghe and Anant Agarwal",
    title = "Maps: A Compiler-Managed Memory System for Raw Machines",
    booktitle = "Proceedings of the Twenty-Sixth International Symposium on Computer Architecture",
    month = "June",
    year = 1999,
    address = "Atlanta, GA")

@TECHREPORT(Fra99,
    author = "Matthew Frank and C. Andras Moritz and Benjamin Greenwald and Saman Amarasinghe and Anant Agarwal",
    title = "SUDS: Primitive Mechanisms for Memory Dependence Speculation",
    institution = "MIT Laboratory for Computer Science",
    month = "January",
    year = 1999,
    type = "Technical Memo",
    number = "LCS-TM-591",
    address = "Cambridge, MA 02139")

@INPROCEEDINGS(Lee98,
    author = "Walter Lee and Rajeev Barua and Matthew Frank and Devabhaktuni Srikrishna and Jonathan Babb and Vivek Sarkar and Saman Amarasinghe",
    title = "Space-Time Scheduling of Instruction-Level Parallelism on a Raw Machine",
    booktitle = "Proceedings of the Eighth International Conference on Architectural Support for Programming Languages and Operating Systems",
    month = "October",
    year = 1998,
    address = "San Jose, CA")

@BOOK(Abe96,
    author = "Harold Abelson and Gerald Jay Sussman",
    title = "Structure and Interpretation of Computer Programs",
    publisher = "The MIT Press",
    year = 1996,
    address = "Cambridge, MA",
    edition = "Second Edition")

@ARTICLE(Bov95,
    author = "V. Michael {Bove, Jr.} and John A. Watlington",
    title = "Cheops: A Reconfigurable Data-Flow System for Video Processing",
    journal = "IEEE Transactions on Circuits and Systems for Video Technology",
    month = "April",
    year = 1995,
    volume = 5,
    pages = "140-149")

@INPROCEEDINGS(Rix00,
    author = "Scott Rixner and William J. Dally and Brucek Khailany and Peter Mattson and Ujval J. Kapasi and John D. Owens",
    title = "Register Organizations for Media Processing",
    booktitle = "Proceedings of the 6th International Symposium on High-Performance Computer Architecture",
    month = "January",
    year = 2000,
    address = "Toulouse, France")

@MANUAL(MPEG93,
    title = "Generic Coding of Moving Pictures and Associated Audio",
    organization = "International Organisation for Standardization",
    address = "Seoul",
    month = "November",
    year = 1993,
    note = "Recommendation H.262, ISO/IEC 13818-2")

@MANUAL(SUIF94,
    author = "Stanford Compiler Group",
    title = "The BUILDER Library",
    organization = "Stanford University",
    address = "Stanford, CA 94305",
    edition = "SUIF Version 1.0",
    year = 1994)

@INPROCEEDINGS(Pie96,
    author = "Benjamin Pierce and Davide Sangiorgi",
    title = "Typing and Subtyping for Mobile Processes",
    booktitle = "Mathematical Structures in Computer Science",
    month = "October",
    year = 1996,
    pages = "409-453")

@TECHREPORT(Pie97,
    author = "Benjamin C. Pierce and David N. Turner",
    title = "Pict: A Programming Language Based on the Pi-Calculus",
    institution = "Indiana University",
    month = "March",
    year = 1997,
    type = "CSCI Technical Report",
    number = "\#476",
    address = "107 S. Indiana Ave. Bloomington, IN 47405-7000",
    note = "Available electronically at http://www.cs.indiana.edu/pub/techreports/TR476.html")

@UNPUBLISHED(Tur99,
    author = "Franklyn Turbak and David Gifford and Brian Reistad",
    title = "Applied Semantics of Programming Languages",
    month = "September",
    year = 1999,
    note = "Draft")

@INPROCEEDINGS(Kno98,
    author = "Kathleen Knobe and Vivek Sarkar",
    title = "Array SSA form and its uses in Parallelization",
    booktitle = "Proceedings of the 25$^{{\rm th}}$ ACM SIGPLAN-SIGACT Symposium on Principles of Programming Languages",
    month = "January",
    year = 1998,
    pages = "107-120")

@INPROCEEDINGS(Rau91,
    author = "B. R. Rau",
    title = "Data Flow and Dependence Analysis for Instruction Level Parallelism",
    booktitle = "Proceedings of the Fourth International Workshop on Languages and Compilers for Parallel Computing",
    month = "August",
    year = 1991,
    pages = "236-250",
    address = "Santa Clara, CA",
    editor = "U. Banerjee and D. Gelertner and A. Nicolau and D. Padua",
    publisher = "Spinger-Verlag")

@ARTICLE(Sho96,
    author = "David Shoemaker and Frank Honore and Chris Metcalf and Steve Ward",
    title = "NuMesh: An Architecture Optimized for Scheduled Communication",
    journal = "Journal of Supercomputing",
    year = 1996,
    volume = 10,
    number = 3,
    pages = "285-302")

@INPROCEEDINGS(Yua96,
    author = "Xin Yuan and Rami Melhem and Rajiv Gupta",
    title = "Compiled Communication for All-Optical {TDM} Networks",
    booktitle = "Supercomputing '96",
    year = 1996,
    address = "Pittsburgh, PA")

@INPROCEEDINGS(Fel93,
    author = "Anja Feldmann and Thomas M. Stricker and Thomas E. Warfel",
    title = "Supporting Sets of Arbitrary Connections on {iWarp} through Communication Context Switches",
    booktitle = "Proceedings of the 5th Annual ACM Symposium on Parallel Algorithms and Architectures",
    year = 1993,
    pages = "203-212",
    address = "Velen, Germany",
    month = "June")

@ARTICLE(Leo99,
    author = "Stacie P. Leone and Max Kalehoff",
    title = "Media {M}etrix to Cover Streaming Media Content and Address Digital Convergence",
    journal = "Media Metrix Press Release",
    year = 1999,
    month = "December",
    note = "Available electronically at http://www.mediametrix.com/PressRoom/ Press\_Releases/12\_07\_99.html")

@INPROCEEDINGS(Kah74,
    author = "Gilles Kahn",
    title = "The Semantics of a Simple Language for Parallel Programming",
    booktitle = "Proceedings of IFIP Congress 74",
    year = 1974,
    pages = "471-475",
    publisher = "North-Holland Publishing Co.")

@INPROCEEDINGS(Kah76,
    author = "Gilles Kahn and David B. MacQueen",
    title = "Coroutines and Networks of Parallel Processes",
    booktitle = "{\bf ???}",
    year = 1976,
    pages = "993-998")

@INPROCEEDINGS(Jif93,
    author = "He Jifeng and Ian Page and Jonathan Bowen",
    title = "Towards a Provably Correct Hardware Implementation of Occam",
    booktitle = "Proceedings of IFIP WG10.2 Advanced Research Working Conference, CHARME '93",
    year = 1993,
    month = "May",
    pages = "214-225",
    publisher = "Springer-Verlag")

@INPROCEEDINGS(Gol99,
    author = "Seth Copen Goldstein and Herman Schmit and Matthew Moe and Mihai Budiu and Srihari Cadambi and R. Reed Taylor and Ronald Laufer",
    title = "PipeRench: A Coprocessor for Streaming Multimedia Acceleration",
    booktitle = "Proceedings of the Twenty-Sixth International Symposium on Computer Architecture",
    year = 1999,
    month = "June",
    pages = "28-39",
    address = "Atlanta, GA")

@BOOK(Sie86,
    author = "William McC. Siebert",
    title = "Circuits, Signals, and Systems",
    publisher = "The MIT Press",
    year = 1986,
    series = "The MIT Electrical Engineering and Computer Science Series",
    address = "Cambridge, MA")

@ARTICLE(Wil94,
    author = "Robert P. Wilson and Robert S. French and Chris S. Wilson and Saman P. Amarasinghe and Jennifer M. Anderson and Steve W. K. Tjiang and Shih-Wei Liao and Chau-Wen Tseng and Mary W. Hall and Monica S. Lam and John L. Hennessy",
    title = "{SUIF}:  An Infrastructure for Research in Parallelizing and Optimizing Compilers",
    journal = "ACM SIGPLAN Notices",
    year = 1994,
    volume = 29,
    number = 12,
    pages = "31-37",
    month = "December")

@INPROCEEDINGS(Smi96,
    author = "Michael D. Smith",
    title = "Extending {SUIF} for Machine-dependent Optimizations",
    booktitle = "Proceedings of the First {SUIF} Compiler Workshop",
    year = 1996,
    pages = "14-25",
    address = "Stanford, CA",
    month = "January")

@ARTICLE(Lap96,
    author = "Andrea S. {LaPaugh}",
    title = "Layout Algorithms for {VLSI} Design",
    journal = "ACM Computing Surveys",
    year = 1996,
    volume = 28,
    number = 1,
    pages = "59-61",
    month = "March")

@BOOK(Dav87,
    editor = "Lawrence Davis",
    title = "Genetic Algorithms and Simulated Annealing",
    publisher = "Morgan Kaufmann Publishers, Inc.",
    year = 1987,
    series = "Research Notes in Artificial Intelligence",
    address = "Los Altos, CA")

@MASTERSTHESIS(Tay99,
    author = "Michael Bedford Taylor",
    title = "Design Decisions in the Implementation of a {Raw} Architecture Workstation",
    school = "Massachusetts Institute of Technology",
    year = 1999,
    address = "Cambridge, MA",
    month = "September")

@BOOK(Sch96,
    author = "Bruce Schneier",
    title = "Applied Cryptography: Protocols, Algorithms, and Source Code in C",
    publisher = "John Wiley \& Sons, Inc.",
    year = 1996,
    address = "New York, NY",
    edition = "second")

@INPROCEEDINGS(Mor99,
    author = "Robert Morris and Eddie Kohler and John Jannotti and M. Frans Kaashoek",
    title = "The Click Modular Router",
    booktitle = "Proceedings of the 17th ACM Symposium on Operating Systems Principles",
    year = 1999,
    pages = "217-231",
    address = "Charleston, NC",
    month = "December")

@MISC(Thi00,
    author = "William Thies",
    howpublished = "Personal communication",
    month = "February",
    year = 2000)

