
%=======================================================================
% Journal abbreviations:

@String{j-PARALLEL-COMPUTING    = "Parallel Computing"}
@String{j-INT-J-PARALLEL-PROG   = "Int. J. of Parallel
                                   Programming"}
@String{j-CACM                  = "Communications of the ACM"}
@String{j-OOPS-MESSENGER        = "OOPS Messenger"}
@String{j-SIGMOD                = "ACM SIG{\-}MOD Record"}
@String{j-SIGPLAN               = "ACM SIG{\-}PLAN Notices"}

%=======================================================================
% Publisher abbreviations:

@String{pub-NH                  = "North-Hol{\-}land"}
@String{pub-NH:adr              = "Amsterdam, The Netherlands"}
@String{pub-ACM                 = "ACM Press"}
@String{pub-ACM:adr             = "New York, NY, USA"}
@String{pub-AW                  = "Ad{\-d}i{\-s}on-Wes{\-l}ey"}
@String{pub-AW:adr              = "Reading, MA, USA"}

%=======================================================================
% Series abbreviations:

@String{ser-SIGPLAN               = "ACM SIG{\-}PLAN Notices"}

%=======================================================================
% Entries


@InProceedings{Barthou98,
  author =       "D. Barthou and A. Cohen and J.F. Collard",
  title =        "Maximal Static Expansion",
  pages =        "98--106",
  booktitle =    "Principles of Programming Languages",
  year =         1998,
  address =      "San Diego, CA",
  month =        jan
}

@Techreport{Cohen98,
   author = "A. Cohen and V. Lefebvre",
   title = "Optimization of storage mappings for parallel programs",
   institution = "PRiSM, U. of Versailles",
   type = "Technical Report",
   number = "1998/46",
   year = 1988,
}


@inproceedings{pro96,
    author = "Todd A. Proebsting and Scott A. Watterson",
    title = "Filter Fusion",
    booktitle = "Symposium on Principles of Programming Languages",
    pages = "119-130",
    year = "1996",
    url = "citeseer.nj.nec.com/proebsting96filter.html"
}

@misc{clayton,
    author = "R. Clayton",
    title = "Structuring and Destructuring Protocols",
  howpublished = "Ph.D. thesis, Georgia Institute of Technology, 1998.",
    url = "citeseer.nj.nec.com/clayton97structuring.html"
}

@article{suif,
    author = "Mary W. Hall and Jennifer M. Anderson and Saman p. Amarasinghe and Brian R. Murphy and Shih-Wei Liao and Edouard Bugnion and Monica S. Lam",
    title = "Maximizing multiprocessor performance with the {SUIF} compiler",
    journal = "Computer",
    volume = "29",
    number = "12",
    pages = "84--??",
    year = "1996",
    url = "citeseer.nj.nec.com/hall96maximizing.html"
}


@article{survey97,
    author = "Robert Stephens",
    title = "A Survey of Stream Processing",
    journal = "Acta Informatica",
    volume = "34",
    number = "7",
    month = "????",
    pages = "491--541",
    year = "1997",
    url = "citeseer.nj.nec.com/stephens95survey.html"
}

@ARTICLE(Bos99,
    author = "Vanu Bose and Mike Ismert and Matt Welborn and John Guttag",
    title = "Virtual Radios",
    journal = "IEEE Journal on Selected Areas in Communication, Special Issue on Software Radios",
    year = 1999)

@Article{Cohen99,
  author =       "A. Cohen",
  title =        "Parallelization via Constrained Storage Mapping
                 Optimization",
  journal =      "Lecture Notes in Computer Science",
  volume =       "1615",
  pages =        "83--94",
  year =         "1999",
  coden =        "LNCSD9",
  ISSN =         "0302-9743",
  bibdate =      "Mon Sep 13 16:57:02 MDT 1999",
  acknowledgement = ack-nhfb,
}



@Techreport{PAF,
    author = "Paul Feautrier and Jean-François Collard and Michel Barreteau and Denis Barthou and Albert Cohen and Vincent Lefebvre",
    title = "The Interplay of Expansion and Scheduling in PAF",
   institution = "PRiSM, U. of Versailles",
   type = "Technical Report",
   number = "1998/6",
   year = 1988,
}

@INPROCEEDINGS(Rix98,
    author = "Scott Rixner and William J. Dally and Ujval J. Kapani and Brucek Khailany and Abelardo Lopez-Lagunas and Peter R. Mattson and John D. Owens",
    title = "A Bandwidth-Efficient Architecture for Media Processing",
    booktitle = "Proceedings of the 6th International Symposium on High-Performance Computer Architecture",
    month = "November",
    year = 1998,
    address = "Dallas, TX")


@Book{DarteRoVi00,
  author =	 {Alain Darte and Yves Robert and Fr\'{e}d\'{e}ric Vivien},
  title = 	 {Scheduling and Automatic Parallelization},
  publisher = 	 {Birkh\"{a}user Boston},
  year = 	 2000
}

@INPROCEEDINGS{Feautrier88c,
        AUTHOR             = {Paul Feautrier},
        BOOKTITLE          = {ACM Int. Conf. on Supercomputing},
        PAGES              = {429-441},
        TITLE              = {Array expansion},
        YEAR               = {1988}
}

@ARTICLE{Feautrier91,
        AUTHOR             = {Paul Feautrier},
        JOURNAL =      j-INT-J-PARALLEL-PROG,  
        NUMBER             = {1},
        PAGES              = {23-51},
        TITLE              = {Dataflow analysis of array and scalar references},
        VOLUME             = {20},
        YEAR               = {1991}
}

@Article{Feautrier92i,
  author =       "Paul Feautrier",
  title =        "Some efficient solutions to the affine scheduling
                 problem. Part {I}. One-dimensional time",
  journal =      j-INT-J-PARALLEL-PROG,
  volume =       "21",
  number =       "5",
  pages =        "313--347",
  month =        oct,
  year =         "1992",
  CODEN =        "IJPPE5",
  ISSN =         "0885-7458",
  MRclass =      "68M20",
  MRnumber =     "94i:68030",
  bibdate =      "Sat Apr 26 13:44:09 MDT 1997",
  bibsource =    "Compendex database",
  acknowledgement = ack-nhfb,
  affiliation =  "Univ de Versailles St. Quentin",
  affiliationaddress = "Versailles, Fr",
  classification = "722.4; 723.2; 921.1; 921.5; C4240P (Parallel
                 programming and algorithm theory); C5220P (Parallel
                 architecture); C6150N (Distributed systems)",
  corpsource =   "Inst. Blaise Pascal, Versailles Univ., France",
  journalabr =   "Int J Parallel Program",
  keywords =     "actions; affine scheduling problem; Affine scheduling
                 problem; Algorithms; Automatic parallelization;
                 automatic parallelization; Automatic systolic array
                 design; automatic systolic array design; closed form
                 schedules; compiling; execution date; integral vectors;
                 iteration domains; Iteration vector; iterative methods;
                 Iterative methods; linear programming; Linear
                 programming; multiprocessor architectures;
                 one-dimensional time; Parallel processing systems;
                 parallel programming; parallelism; parametric linear
                 program; Piecewise affine functions; precedence
                 constraints; program execution; programming theory;
                 recurrence equations; Recurrence equations; Scheduling;
                 scheduling; systolic arrays; Vectors; vectors",
  treatment =    "T Theoretical or Mathematical",
}

@Article{Feautrier92ii,
  author =       "Paul Feautrier",
  title =        "Some Efficient Solutions to the Affine Scheduling
                 Problem. Part {II}. Multidimensional Time",
  journal =      j-INT-J-PARALLEL-PROG,
  volume =       "21",
  number =       "6",
  pages =        "389--420",
  month =        dec,
  year =         "1992",
  CODEN =        "IJPPE5",
  ISSN =         "0885-7458",
  MRclass =      "68M20",
  MRnumber =     "94k:68015",
  bibdate =      "Sat Apr 26 13:44:09 MDT 1997",
  acknowledgement = ack-nhfb,
  classification = "C4240P (Parallel programming and algorithm theory);
                 C6110P (Parallel programming); C6150N (Distributed
                 systems)",
  corpsource =   "Lab. MASI, Versailles St-Quentin Univ., France",
  keywords =     "affine scheduling problem; computational complexity;
                 divide and conquer strategy; lexicographic ordering;
                 loop nests; multidimensional schedules;
                 multidimensional time; parallel algorithm; parallel
                 algorithms; parallel complexity; parallel programming;
                 parallelism detection; parallelizing compilers;
                 performance; polynomial complexity; polynomial
                 schedules; scheduling; source program; static control
                 program",
  treatment =    "T Theoretical or Mathematical",
}

@MASTERSTHESIS(Wai00,
    author = "Elliot L. Waingold",
    title = "SIFt: A compiler for Streaming Applications",
    school = "Massachusetts Institute of Technology",
    year = 2000,
    address = "Cambridge, MA",
    month = "June")

@INPROCEEDINGS{IT88,
        AUTHOR             = {François Irigoin and R\'emy Triolet},
        ADDRESS            = {San Diego, CA},
        BOOKTITLE          = {Proc. 15th Annual ACM Symp. Principles of Prog. Languages},
        MONTH              = jan,
        PAGES              = {319--329},
        TITLE              = {Supernode Partitioning},
        YEAR               = {1988}
}

@Article{Lefebvre98,
  author =       "Vincent Lefebvre and Paul Feautrier",
  title =        "Automatic storage management for parallel programs",
  journal =      j-PARALLEL-COMPUTING,
  volume =       "24",
  number =       "3--4",
  pages =        "649--671",
  day =          "1",
  month =        may,
  year =         "1998",
  CODEN =        "PACOEJ",
  ISSN =         "0167-8191",
  bibdate =      "Fri Aug 6 10:15:46 MDT 1999",
  bibsource =    "Compendex database;
                 http://www.elsevier.com/cgi-bin/cas/tree/store/parco/cas_free/browse/browse.cgi?year=1998&volume=24&issue=3-4",
  URL =          "http://www.elsevier.com/cas/tree/store/parco/sub/1998/24/3-4/1306.pdf",
  acknowledgement = ack-nhfb,
  affiliation =  "Universite de Versailles-St. Quentin",
  affiliationaddress = "Versailles, Fr",
  classification = "722.4; 722.1; 723.1",
  journalabr =   "Parallel Comput",
  keywords =     "Parallel processing systems; Storage allocation
                 (computer); Program translators; Flowcharting; Response
                 time (computer systems); Automatic storage management;
                 Array dataflow analysis",
}

@INPROCEEDINGS{Lim97, 
    author = "A. Lim and M. Lam",
    title = "Maximizing parallelism and minimizing synchronization with affine transforms",
    text = "Amy W. Lim and Monica S. Lam. Maximizing parallelism and minimizing synchronization
      with affine transforms. In Proceedings of the 24th Annual ACM SIGPLAN-SIGACT
      Symp. on Principles of Prog. Languages, January 1997.",
    year = "1997",
    booktitle = "Proceedings of the 24th Annual ACM SIGPLAN-SIGACT Symp. on Principles of Prog. Languages",
    month = jan
}

@INPROCEEDINGS{Thies01, 
    author = "William Thies, Frederic Vivien, Jeffrey Sheldon, and Saman Amarasinghe",
    title = "A Unified Framework for Schedule and Storage Optimization",
    text = "William Thies, Frederic Vivien, Jeffrey Sheldon, and Saman Amarasinghe, A Unified Framework for Schedule and Storage Optimization, In Proceedings of the 2001 ACM SIGPLAN Conference on Programming Language Design and Implementation.", 
    year = "2001",
    booktitle = "In Proceedings of the 2001 ACM SIGPLAN-SIGACT Conference on Programming Language Design and Implementation.", 
    month = jun
}

q
@Article{Lim98,
  author =       "Amy W. Lim and Monica S. Lam",
  title =        "Maximizing parallelism and minimizing synchronization
                 with affine partitions",
  journal =      j-PARALLEL-COMPUTING,
  volume =       "24",
  number =       "3--4",
  pages =        "445--475",
  day =          "1",
  month =        may,
  year =         "1998",
  CODEN =        "PACOEJ",
  ISSN =         "0167-8191",
  bibdate =      "Fri Aug 6 10:15:46 MDT 1999",
  bibsource =    "Compendex database;
                 http://www.elsevier.com/cgi-bin/cas/tree/store/parco/cas_free/browse/browse.cgi?year=1998&volume=24&issue=3-4",
  URL =          "http://www.elsevier.com/cas/tree/store/parco/sub/1998/24/3-4/1298.pdf",
  acknowledgement = ack-nhfb,
  affiliation =  "Stanford Univ",
  affiliationaddress = "Stanford, CA, USA",
  classification = "722.4; 723; 921; 723.2; 723.1",
  journalabr =   "Parallel Comput",
  keywords =     "Parallel processing systems; Algorithms; Data
                 acquisition; Computer systems programming; Program
                 compilers; Data dependence vectors; Data dependence
                 abstractions",
}

@Article{Loechner97,
  author =       "Vincent Loechner and Doran K. Wilde",
  title =        "Parameterized Polyhedra and Their Vertices",
  journal =      j-INT-J-PARALLEL-PROG,
  volume =       "25",
  number =       "6",
  pages =        "525--549",
  month =        dec,
  year =         "1997",
  CODEN =        "IJPPE5",
  ISSN =         "0885-7458",
  bibdate =      "Tue Apr 7 18:25:25 MDT 1998",
  bibsource =    "Compendex database",
  acknowledgement = ack-nhfb,
  affiliation =  "Universite Louis Pasteur de Strasbourg",
  affiliationaddress = "Illkirch, Fr",
  classification = "722.4; 723; 723.1.1; 921",
  journalabr =   "Int J Parallel Program",
  keywords =     "C (programming language); Computational methods;
                 Parallel algorithms; Parallel processing systems;
                 Parameterized affine recurrence equations (pare);
                 Parameterized polyhedra; Parametric analysis",
}

@Article{Needleman70,
    author = "S. B. Needleman and C. D. Wunsch",
    title = "A general method applicable to the search of similarities in the amino acid sequence of two proteins",
    journal = "Journal of Molecular Biology",
    volume = "48",
    pages = "443--453",
    year = "1970"
}

@Misc{Polyliburl,
  key =		 {Polylib},
  title =	 {PolyLib - A library of polyhedral functions},
  howpublished = {\url{http://icps.u-strasbg.fr/polylib/}}
}

@Misc{streamit,
  howpublished  = "William Thies, Michal Karczma, Gleb Chuvpilo, and Saman Amarasinghe, The StreaMIT Language Specification, Unpublished manuscript, April, 2001"
}

@ARTICLE{Pugh92,
        AUTHOR             = {William Pugh},
        JOURNAL            = {Communications of the ACM},
        MONTH              = aug,
        PAGES              = {102-114},
        TITLE              = {The {O}mega test: a fast and practical integer programming algorithm for dependence analysis},
        VOLUME             = {8},
        YEAR               = {1992}
}

@BOOK{Schrijver86,
        AUTHOR             = {Alexander Schrijver},
        ADDRESS            = {New York},
        PUBLISHER          = {John Wiley and Sons},
        TITLE              = {Theory of Linear and Integer Programming},
        YEAR               = {1986}
}

@Inproceedings{Strout98,
    author = "Michelle Mills Strout and Larry Carter and Jeanne Ferrante and Beth Simon",
    title = "Schedule-Independent Storage Mapping for Loops",
    booktitle = "Architectural Support for Programming Languages and Operating Systems",
    pages = "24-33",
    year = "1998",
    url = "citeseer.nj.nec.com/7497.html"
}

@Article{Wilde97,
  author =       "D. Wilde and S. Rajopadhye",
  title =        "Memory reuse analysis in the polyhedral model",
  journal =      "Parallel Processing Letters",
  volume =       "7",
  number =       "2",
  pages =        "203--215",
  month =        jun,
  year =         "1997",
  coden =        "PPLTEE",
  ISSN =         "0129-6264",
  bibdate =      "Tue Oct 21 18:27:39 MDT 1997",
  acknowledgement = ack-nhfb,
  classification = "C4240P (Parallel programming and algorithm theory);
                 C6110P (Parallel programming); C6120 (File
                 organization); C6140D (High level languages); C6150C
                 (Compilers, interpreters and other processors)",
  conflocation = "Wadern, Germany; April 1996",
  conftitle =    "Fundamental Aspects of Parallel Processing",
  corpsource =   "Dept. of Electr. Eng., Brigham Young Univ., Provo, UT,
                 USA",
  keywords =     "affine recurrence equations; ALPHA; compiler;
                 functional data-parallel language; functional
                 languages; functional programming; memory reuse
                 analysis; multiple assignment code; parallel languages;
                 parallel programming; polyhedral model; program
                 compilers; program variables; scheduled
                 single-assignment code; scheduling; storage
                 allocation",
  pubcountry =   "Singapore",
  treatment =    "P Practical",
}

@INPROCEEDINGS{IT88,
        AUTHOR             = {François Irigoin and R\'emy Triolet},
        ADDRESS            = {San Diego, CA},
        BOOKTITLE          = {Proc. 15th Annual ACM Symp. Principles of Programming Languages},
        MONTH              = jan,
        PAGES              = {319--329},
        TITLE              = {Supernode Partitioning},
        YEAR               = {1988}
}


@BOOK{Schrijver86,
        AUTHOR             = {Alexander Schrijver},
        ADDRESS            = {New York},
        PUBLISHER          = {John Wiley and Sons},
        TITLE              = {Theory of Linear and Integer Programming},
        YEAR               = {1986}
}
