@Article{NoS91,
  author =       "S. J. Noronha and V. V. S. Sarma",
  title =        "Knowledge-Based Approaches for Scheduling Problems",
  journal =      "IEEE Transactions on Knowledge and Data Engineering",
  month =        jun,
  number =       2,
  volume =       3,
OPTpages =        "160--171",
  year =         1991,
}


@InProceedings{KwA98,
  author =       "Y.-K. Kwok and I. Ahmad",
  title =        "Benchmarking the task graph scheduling algorithms",
  booktitle =    "Merged 12th International Parallel Processing
                 Symposium \& 9th Symposium on Parallel and Distributed
                 Processing (IPPS/SPDP '98)",
OPTpages =        "531--537",
  month =        apr,
  year =         "1998",
}


@InProceedings{TkB99,
  author =       "V. {T\'{}kindt} and J.-C. Billaut",
  title =        "Some guidelines to solve multicriteria scheduling problems",
  booktitle =    "1999 IEEE International Conference on Systems, Man, and Cybernetics",
  volume =       6,
OPTpages =        "463--468",
  year =         1999,
  month = oct,
}
