
@mastersthesis{linear,
   author = "Andrew Lamb",
   title = "Linear Analysis and Optimization of Stream Programs",
   school = "Massachusetts Institute of Technology",
   month = "May",
   year = 2003
}

@misc{streamit-web,
   key   = "StreamIt",
   title = "{The StreamIt Project}",
   howpublished = "http://cag.csail.mit.edu/streambit/"
}


@misc{eclipse,
   key   = "Eclipse",
   title = "{The Eclipse Universal Tools Platform}",
   howpublished = "http://www.eclipse.org/"
}


@misc{controlled-experiments,
   key   = "Controlled Experiments",
   title = "{Controlled Experiments}",
   howpublished = "http://graphics.lcs.mit.edu/classes/6.893/F03/lectures/L13.pdf"
}

@misc{research-issues,
   key   = "Research Issues",
   title = "{Research Issues}",
   howpublished = "http://pages.cpsc.ucalgary.ca/saul/681/1997/jas/issues.html"
}

@inproceedings{streambit,
   author = "Armando Solar-Lezama and Rastislav Bodik",
   title  = "Templating Transformations for Bitstream Programs",
   booktitle = "{Proceedings of the HPCA Workshop on Productivity and Performance in High-End Computing (P-PHEC)}",
   year = "{2004}",
   address = "{Madrid, Spain}"
}

@article{lee87static,
  author = "E. Lee and D. Messershmitt",
  title = "{Static Scheduling of Synchronous Data Flow Programs for Digital Signal Processing}",
    journal = "IEEE Trans. on Computers",
    volume = "C-36",
    number = "1",
    month = "January",
    pages = "24-35",
    year = "1987",
  }

@inproceedings{streamitcc,
 author = "William Thies and Michal Karczmarek and Saman Amarasinghe",
 title = "{StreamIt:  A Language for Streaming Applications}",
 booktitle = "{Proceedings of the International Conference on Compiler Construction}",
 year = "{2002}",
 address = "{Grenoble, France}"
}
