% this is David Wentzlaff's master bib file
% keynames are as follows:
% <Author's Last Name>.<Year>.<Conference/Publication>.<Project Name/Group Name/One Word Subject>
% This file should be kept sorted by the first author's last name

%% AAAA
@InProceedings{Agarwal.2000.ISCA.Scaling,
Author = "Vikas Agarwal and M. S. Hrishikesh and Stephen W. Keckler and Doug Burger",
Title = "{Clock Rate versus {IPC}: The End of the Road for Conventional Microarchitectures}",
Booktitle = "International Symposium on Computer Architecture",
Pages = "248--259",
Location = "Vancouver, British Columbia, Canada",
Year = 2000
}

%% BBBB

@PhDThesis{Babb.2001.MIT_PhD.DeepC,
Author = "Jonathan William Babb",
Title = "{High Level Compilation for Gate Reconfigurable Architectures}",
School = "Massachusetts Institute of Technology",
Month = Sep,
Year = 2001
}

@MastersThesis{Babb.1993.MIT_MS.Virtual_Wires,
Author = "Jonathan William Babb",
Title = "{Virtual Wires: Overcoming Pin Limitations in {FPGA}-based Logic Emulation}",
School = "Massachusetts Institute of Technology",
Month = Nov,
Year = 1993
}

%% FIXME Not Currently in Digital Repo
%% I got this and can probably scan it
@PhDThesis{Barto.1980.UT_PhD.Logic_Simulation,
Author = "Rodney Lange Barto",
Title = "{A Computer Architecture for Logic Simulation}",
School = "The University of Texas at Austin",
Month = May,
Year = 1980
}

%% FIXME Not Currently in Digital Repo
@Article{Blank.1984.Design_and_Test.Emultaion,
Author = "Tom Blank",
Title = "{A Survey of Hardware Accelerators Used in Computer-Aided Design}",
Journal = "{IEEE} Design and Test of Computers",
Pages = "21--39",
Month = Aug,
Year = 1984
}

@Misc{Blue_Gene.2002.Website.Blue_Gene,
Author = "Marc Snir",
Title = "{Blue Gene}",
Note = "http://www.research.ibm.com/bluegene/comsci.html, 2002",
}

@Manual{Bluetooth_SIG.2001.Bluetooth_Std.Bluetooth,
Organization = "Bluetooth Special Interest Group",
Title = "{Specification of the Bluetooth System: Core}",
Edition = "1.1",
Volume = "1",
Month = Feb,
Year = 2001
}

@InProceedings{Bolotski.1994.FPGA.DPGA,
Author = "Michael Bolotski and Andr{\'{e}} DeHon and Thomas Knight",
Title = "{Unifying FPGAs and SIMD Arrays}",
Booktitle = "{International Workshop on Field-Programmable Gate Arrays}",
Location = "Berkeley, CA",
Note = "MIT Transit Note Number 95",
Month = Feb,
Year = 1994
}

@TechReport{Budiu.2000.CMU_TR.PipeRench,
Author = "Mihai Budiu and Seth Copen Goldstein",
Title = "{BitValue Inference: Detecting and Exploiting Narrow Bitwidth Computations}",
Institution = "Carnegie Mellon University",
Number = "CMU-CS-00-141",
Month = Jun,
Year = 2000
}

@InProceedings{Burke.2000.ASPLOS.CryptoManiac,
Author = "Jerome Burke and John McDonald and Todd Austin",
Title = "{Architectural Support for Fast Symmetric-Key Cryptography}",
Booktitle = "{International Conference on Architectural Support for Programming Languages and Operating Systems}",
Year = 2000
}

%% CCCC

@PhDThesis{Cadambi.2000.CMU_PhD.PipeRench,
Author = "Srihari Cadambi",
Title = "{Static Profile Driven Optimization of Digital Circuits}",
School = "Carnegie Mellon University",
Month = Dec,
Year = 2000
}

@InProceedings{Callahan.2000.CASES.Garp,
Author = "Timothy J. Callahan and John Wawrzynek",
Title = "{Adapting Software Pipelining for Reconfigurable Computing}",
Booktitle = "{International Conference on Compilers, Architecture, and Synthesis for Embedded Systems}",
Publisher = "ACM",
Year = 2000
}

@Article{Callahan.2000.Computer.Garp,
Author = "Timothy J. Callahan and John R. Hauser and John Wawrzynek",
Title = "{The Garp Architecture and C Compiler}",
Journal = "{IEEE} Computer",
Volume = "33",
Number = "4",
Pages = "62--69",
Month = Apr,
Year = 2000
}

@InProceedings{Chou.2000.MICRO.PipeRench,
Author = "Yuan Chou and Pazjani Pillai and Herman Schmit and John Paul Shen",
Title = "{{PipeRench} Implementation of the Instruction Path Coprocessor}",
Booktitle = "{International Symposium on Microarchitecture}",
Pages = "147--158",
Year = 2000
}

%% DDDD

%% EEEE

@InProceedings{Ebeling.1997.FCCM.RaPiD,
Author = "Carl Ebeling and Darren C. Cronquist and Paul Franklin and Jason Secosky and Stefan G. Berg",
Title = "{Mapping Applications to the {RaPiD} Configurable Architecture}",
Booktitle = "{{IEEE} Symposium on Field-Programmable Custom Computing Machines}",
Pages = "106--115",
Year = 1997
}

%% FFFF

@Misc{Franaszek.1984.Patent.8b_10b,
Author = "Peter A. Franaszek and Albert X. Widmer",
Title = "{Byte oriented {DC} balanced (0,4) 8B/10B partitioned block transmission code}",
HowPublished = "{US} {P}atent",
Note = "{US} {P}atent Number 4,486,739",
Month = Dec,
Year = 1984
}

%% GGGG

@Article{Gokhale.1995.Computer.Terasys,
Author = "Maya Gokhale and Bill Holmes and Ken Iobst",
Title = "{Processing in Memory: The {Terasys} Massively Parallel {PIM} Array}",
Journal = "{IEEE} Computer",
Pages = "23--31",
Volume = "28",
Number = "4",
Month = Apr,
Year = 1995
}

@InProceedings{Goldstein.1999.ISCA.PipeRench,
Author = "Seth Goldstein and Herman Schmit and Matthew Moe and Mihai Budiu and Srihari Cadambi and R. Reed Taylor and Ronald Laufer",
Title ="{{PipeRench}: A Coprocessor for Streaming Multimedia Acceleration}",
Booktitle = "{International Symposium on Computer Architecture}",
Pages = "28--39",
Year = 1999
}

@InProceedings{Gordon.2002.ASPLOS.StreamIt,
Author = "Michael I. Gordon and William Thies and Michal Karczmarek and Jasper Lin and Ali S. Meli and Andrew A. Lamb and Chris Leger and Jeremy Wong and Henry Hoffmann and David Maze and Saman Amarasinghe",
Title ="{A Stream Compiler for Communication-Exposed Architectures}",
Booktitle = "{International Conference on Architectural Support for Programming Languages and Operating Systems}",
Year = 2002
}

%% HHHH

@InProceedings{Hauck.1997.FCCM.Chimaera,
Author = "Scott Hauck and Thomas W. Fry and Matthew M. Hosler and Jeffery P. Kao",
Title = "{The {Chimaera} Reconfigurable Functional Unit}",
Booktitle = "{{IEEE} Symposium on Field-Programmable Custom Computing Machines}",
Pages = "87--96",
Year = 1997
}

@Article{Hinton.2001.ITJ.Pentium_4,
Author = "Glenn Hinton and Dave Sager and Mike Upton and Darrell Boggs and Douglas Carmean and Alan Kyker and Patrice Roussel",
Title = "{The Microarchitecture of the Pentium 4 Processor}",
Journal = "Intel Technology Journal",
Month = Feb,
Year = 2001
}

%% FIXME Not Currently in Digital Repo
@PhDThesis{Hillis.1985.MIT_PhD.Connection_Machine,
Author = "W. Daniel Hillis",
Title = "{The Connection Machine}",
School = "Massachusetts Institute of Technology",
Month = June,
Year = 1985
}

@Article{Huck.2000.IEEE_Micro.IA_64,
Author = "Jerry Huck and Dale Morris and Jonathan Ross and Allan Knies and Hans Mulder and Rumi Zahir",
Title = "{Introducing the {IA}-64 Architecture}",
Journal = "{IEEE} Micro",
Pages = "12--23",
Month = Sep,
Year = 2000
}

%% IIII

@Manual{IBM.2000.Databook.SA-27E,
Organization = "{IBM}",
Title = "{ASIC SA-27E Databook}",
Year = 2000
}

@Manual{IEEE_802_3.2000.IEEE_Std.Ethernet,
Organization = "{IEEE}",
Title = "{{IEEE} Standard 802.3-2000 IEEE standard for Information Technology- telecommunications And Information exchange Between Systems-Local And Metropolitan Area Networks-specific Requirements-part 3: Carrier Sense Multiple Access with Collision Detection (CSMA/CD) Access Method and Physical Layer Specifications}",
Year = 2000
}

@Manual{IEEE_802_11a.1999.IEEE_Std.Wireless,
Organization = "{IEEE}",
Title = "{{IEEE} Standard 802.11a-1999 Supplement to IEEE standard for Information Technology- telecommunications And Information exchange Between Systems-Local And Metropolitan Area Networks-specific Requirements-part 11: Wireless Lan Medium Access Control ({MAC}) And Physical Layer ({PHY}) Specifications}",
Year = 1999
}

@Manual{IEEE_802_11b.1999.IEEE_Std.Wireless,
Organization = "{IEEE}",
Title = "{{IEEE} Standard 802.11b-1999 Supplement to IEEE standard for Information Technology- telecommunications And Information exchange Between Systems-Local And Metropolitan Area Networks-specific Requirements-part 11: Wireless Lan Medium Access Control ({MAC}) And Physical Layer ({PHY}) Specifications}",
Year = 1999
}

@Manual{IEEE_802_11.1997.IEEE_Std.Wireless,
Organization = "{IEEE}",
Title = "{{IEEE} Standard 802.11-1997 Information Technology- telecommunications And Information exchange Between Systems-Local And Metropolitan Area Networks-specific Requirements-part 11: Wireless Lan Medium Access Control ({MAC}) And Physical Layer ({PHY}) Specifications}",
Month = Nov,
Year = 1997
}

%% JJJJ

%% KKKK

%% FIXME
@InProceedings{Kim.2002.ISCA.ILDP,
Author = "Ho-Seop Kim and James E. Smith",
Title = "{An Instruction Set Architecture and Microarchitecture for Instruction Level Distributed Processing}",
Booktitle = "{International Symposium on Computer Architecture}",
pages = "71-81",
Year = 2002
}

%% LLLL

@InProceedings{Lee.1998.ASPLOS.Raw,
Author = "Walter Lee and Rajeev Barua and Matthew Frank and Devabhaktuni Srikrishna and Jonathan Babb and Vivek Sarkar and Saman Amarasinghe",
Title = "{Space-Time Scheduling of Instruction-Level Parallelism on a Raw Machine}",
Booktitle = "{Conference on Architectural Support for Programming Languages and Operating Systems}",
Pages = "46--54",
Location = "San Jose, CA",
Year = 1998
}

@InProceedings{Levine.2000.FCCM.ECC,
Author = "Benjamin Levine and R. Reed Taylor and Herman Schmit",
Title = "{Implementation of Near Shannon Limit Error-Correcting Codes Using Reconfigurable Hardware}",
Booktitle = "{{IEEE} Symposium on Field-Programmable Custom Computing Machines}",
Pages = "217--226",
Year = 2000
}

%% MMMM

@InProceedings{Mai.2000.ISCA.Smart_Memories,
Author = "Ken Mai and Tim Paaske and Nuwan Jayasena and Ron Ho and William J. Dally and Mark Horowitz",
Title = "{Smart Memories: A Modular Reconfigurable Architecture}",
Booktitle = "{International Symposium on Computer Architecture}",
Pages = "161--171",
Location = "Vancouver, British Columbia, Canada",
Year = 2000
}

@InProceedings{Mirsky.1996.FCCM.MATRIX,
Author = "Ethan Mirsky and Andr{\'{e}} DeHon",
Title = "{{MATRIX}: {A} Reconfigurable Computing Architecture with Configurable Instruction Distribution and Deployable Resources}",
Booktitle = "{{IEEE} Symposium on Field-Programmable Custom Computing Machines}",
Pages = "157--166",
Year = 1996
}

@InProceedings(Sohi.1995.ISCA.Multiscalar,
Author = "G.S. Sohi and S. Breach and T.N. Vijaykumar",
Title = "{{Multiscalar Processors}}",
Booktitle = {International Symposium on Computer Architecture},
Pages = "{414--425}",
Year = 1995
)

%% NNNN

@InProceedings{Naffziger.2002.ISSCC.IA_64,
Author = "Samuel D. Naffziger and Gary Hammond",
Title = "{The Implementation of the Next-Generation 64b {Itanium} Microprocessor}",
Booktitle = "{{IEEE} International Solid-State Circuits Conference}",
Pages = "344--345,472",
Year = 2002
}

@InProceedings{Nagarajan.2001.MICRO.TRIPS,
Author = "Ramadass Nagarajan and Karthikeyan Sankaralingam and Doug Burger and Stephen W. Keckler",
Title = "{A Design Space Evaluation of {Grid} Processor Architectures}",
Booktitle = "{International Symposium on Microarchitecture}",
Pages = "40--51",
Year = 2001
}

%% OOOO

%% PPPP

@PhDThesis{Palacharla.1998.Wisc_PhD.Superscalar,
Author = "Subbarao Palacharla",
Title = "{Complexity-Effective Superscalar Processors}",
School = "University of Wisconsin--Madison",
Year = 1998
}

@InProceedings{Palacharla.1997.ISCA.Superscalar,
Author = "Subbarao Palacharla and Norman P. Jouppi and James E. Smith",
Title = "{Complexity-Effective Superscalar Processors}",
Booktitle = "{International Symposium on Computer Architecture}",
Pages = "206-218",
Year = 1997
}

@Article{Peleg.1996.IEEE_Micro.MMX,
Author = "Alex Peleg and Uri Weiser",
Title = "{MMX Technology Extension to the Intel Architecture}",
Journal = "{IEEE} Micro",
Pages = "42--50",
Volume = "16",
Number = "4",
Month = Aug,
Year = 1996
}

%% FIXME Not Currently in Digital Repo
%% I am skeptical that I will ever get this digitally as it is a book,
%% but it is always possible that in a few years all books will be
%% digitized
@Book{Piret.1988.Book.Comm,
Author = "Phillipe Piret",
Title = "{Convolutional Codes}",
Publisher = "MIT Press",
Year = 1988
}

%% FIXME Not Currently in Digital Repo
%% I am skeptical that I will ever get this digitally as it is a book,
%% but it is always possible that in a few years all books will be
%% digitized
@Book{Proakis.2001.Book.Comm,
Author = "John G. Proakis",
Title = "{Digital Communications}",
Publisher = "McGraw-Hill",
Edition = "Fourth",
Year = 2001
}

%% QQQQ

%% RRRR

@InProceedings{Razdan.1994.MICRO.PRISC,
Author = "Rahul Razdan and Michael D. Smith",
Title = "{A High-Performance Microarchitecture with Hardware-Programmable Functional Units}",
Pages = "172--80",
Booktitle = "{International Symposium on Microarchitecture}",
Year = 1994
}

%% SSSS

@Misc{Spec.2002.Website.Spec,
Author = "Standard Performance Evaluation Corporation",
Note = "http://www.spec.org/",
Year = "2002"
}

@Misc{Scale.2002.Website.Scale,
Author = "Scale",
Note = "http://www.cag.lcs.mit.edu/scale/overview.html/, 2002",
}

%% TTTT

@Article{Taylor.2002.IEEE_Micro.Raw,
Author = "Michael Bedford Taylor and Jason Kim and Jason Miller and David Wentzlaff and Fae Ghodrat and Ben Greenwald and Henry Hoffman and Jae-Wook Lee and Paul Johnson and Walter Lee and Albert Ma and Arvind Saraf and Mark Seneski and Nathan Shnidman and Volker Strumpen and Matt Frank and Saman Amarasinghe and Anant Agarwal",
Title = "{The {Raw} Microprocessor: A Computational Fabric for Software Circuits and General-Purpose Prgrams}",
Journal = "{IEEE} Micro",
Pages = "25--35",
Month = "March",
Year = 2002
}

@InProceedings{Tennenhouse.1995.Mobile.SpectrumWare,
Author = "David L. Tennenhouse and Vanu G. Bose",
Title = "{SpectrumWare: A Software-Oriented Approach to Wireless Signal Processing}",
Booktitle = "{International Conference on Mobile Computing and Networking}",
Pages = "37--47",
Year = 1995
}

%% This is a more readable copy of the same paper of above, 
%% except it is not from the actual proceedings
@InProceedings{Tennenhouse.1995.Mobile.SpectrumWare_2,
Author = "David L. Tennenhouse and Vanu G. Bose",
Title = "{SpectrumWare: A Software-Oriented Approach to Wireless Signal Processing}",
Booktitle = "{International Conference on Mobile Computing and Networking}",
Pages = "37--47",
Year = 1995
}

@InProceedings{Tsu.1999.FPGA.HSRA,
Author = "William Tsu and Kip Macy and Atul Joshi and Randy Huang and Norman Walker and Tony Tung and Omid Rowhanu and Varghese George and John Wawrzynek and Andr\'{e} DeHon",
Title = "{HSRA: High-Speed, Hierarchical Synchronous Reconfigurable Array}",
Booktitle = "{International Symposium on Field-Programmable Gate Arrays}",
Pages = "125--134",
Year = 1999
}

%% UUUU

%% VVVV

@InProceedings{Venkataramani.2002.FLP.PipeRench,
Author = "Girish Venkataramani and Suraj Sudhir and Mihai Budiu and Seth Copen Goldstein",
Title = "{Factors Influencing the Performance of a {CPU-RFU} Hybrid Architecture}",
Booktitle = "{International Conference on Field Programmable Logic and Applications}",
Year = 2002
}

%% FIXME Not Currently in Digital Repo
@Article{Virterbi.1971.ITCT.ECC,
Author = "Andrew J. Viterbi",
Title = "{Convolutional Codes and Thier Performance in Communication Systems}",
Journal = "{IEEE} Transactions on Communications Technology",
Volume = "19",
Number = "5",
Pages = "751--772",
Month = Oct,
Year = 1971
}

%% WWWW

@Article{Waingold.1997.Computer.Raw,
Author = "Elliot Waingold and Michael Taylor and Devabhaktuni Srikrishna and Vivek Sarkar and Walter Lee and Victor Lee and Jang Kim and Matthew Frank and Peter Finch and Rajeev Barua and Jonathan Babb and Saman Amarasinghe and Anant Agarwal",
Title = "{Baring It All to Software: {Raw} Machines}",
Journal = "{IEEE} Computer",
Volume = "30",
Number = "9",
Pages = "86--93",
Month = Sep,
Year = 1997
}

%% FIXME Not Currently in Digital Repo
@Article{Widmer.1983.IJRD.8b_10b,
Author = "Albert X. Widmer and Peter A. Franaszek",
Title = "{A {DC}-Balanced, Partitioned-Block, 8B/10B Transmission Code}",
Journal = "IBM Journal of Research and Development",
Volume = "27",
Number = "5",
Pages = "440--451",
Month = Sep,
Year = 1983
}

@InProceedings{Wu.2001.ISCA.CryptoManiac,
Author = "Lisa Wu and Chris Weaver and Todd Austin",
Title = "{{CryptoManiac}: A Fast Flexible Architecture for Secure Communication}",
Booktitle = "{International Symposium on Computer Architecture}",
Pages = "110--119",
Year = 2001
}

%% XXXX

@Manual{Xilinx.2001.DataSheet.Virtex_II,
Organization = "Xilinx Corporation",
Title = "{Virtex-II Data Sheet}",
Month = Nov,
Year = 2001
}

@Manual{Xilinx.2001.DataSheet.Virtex_E,
Organization = "Xilinx Corporation",
Title = "{Virtex-E Data Sheet}",
Month = Nov,
Year = 2001
}

@Manual{Xilinx.2000.XAPP.8b_10b,
Organization = "Xilinx Corporation",
Title = "{Design of a 16b/20b Encoder/Decoder Using a {CoolRunner} {CPLD}}",
Note = "Xilinx Application Note number XAPP336",
Month = Jul,
Year = 2000
}

@Manual{Xilinx.1999.DataSheet.4000_Series,
Organization = "Xilinx Corporation",
Title = "{XC4000E and XC4000X Series Field Programmable Gate Arrays Data Sheet}",
Month = May,
Year = 1999
}

%% YYYY

%% ZZZZ
