@string(acl = "Proc. Mtg. of the Assoc. for Computational Linguistics")
@string(acl95 = "Proc. 33rd Mtg. of the Assoc. for Computational Linguistics")
@string(acl96 = "Proc. 34th Mtg. of the Assoc. for Computational Linguistics")
@string(icassp = "Proc. Intl. Conf. on Acoustics, Speech, and Signal Processing")
@string(icslp = "Proc. Intl. Conf. on Spoken Language Processing")
@string(eurospeech = "Proc. European Conf. on Speech Communication and Technology")

@misc{rawshort,
  author = "{E. Waingold {\it et al.}}",
  title = "{Baring it all to Software: The Raw Machine}",
  howpublished = "MIT-LCS Technical Memo 709, Cambridge, MA",
  year = "1997"
}

@misc{raw,
  author = "Elliot Waingold and Michael Taylor and Devabhaktuni Srikrishna
and Vivek Sarkar and Walter Lee and Victor Lee and Jang Kim and Matthew
Frank and Peter Finch and Rajeev Barua and Jonathan Babb and Saman
Amarasinghe and Anant Agarwal.",
  title = "{Baring it all to Software: The Raw Machine}",
  howpublished = "MIT-LCS Technical Report TR-709",
  year = "1997"
}

@misc{spectrumware,
  author = "D. Tennenhouse and V. Bose",
  title = "{The SpectrumWare Approach to Wireless Signal Processing}",
  howpublished = "Wireless Networks",
  year = "1999",
}

@misc{kopi,
author = "Vincent Gay-Para, Thomas Graf, Andre-Guillaume Lemonnier, and Erhard Wais",
title = "{Kopi Reference manual}",
howpublished = "http://www.dms.at/kopi/docs/kopi.html",
year = "2001"}

@article(ZueEtAl00,
 author = "V. Zue and S. Seneff and J. Glass and J. Polifroni and C. Pao and T. J. Hazen and L. Hetherington",
 title = "JUPITER: A Telephone-Based Conversational Interface for Weather Information",
 journal = "IEEE Trans. on Speech and Audio Processing",
 year = 2000,
 month = jan,
 volume = 8,
 number = 1,
 pages = "85--96")

@inproceedings(SeneffEtAl98,
 author = "S. Seneff and E. Hurley and R. Lau and C. Pao and P Schmid and V. Zue",
 title = "GALAXY-II: A Reference Architecture for Conversational System Development",
 booktitle = icslp,
 year = 1998,
 month = nov,
 address = "Sydney, Australia",
 pages = "931--934")

@inproceedings(GlassEtAl99,
 author = "J. Glass and T. J. Hazen and L. Hetherington",
 title = "Real-Time Telephone-Based Speech Recognition in the Jupiter Domain",
 booktitle = icassp,
 year = 1999,
 month = mar,
 address = "Phoenix, AZ",
 pages = "61--64")

@inproceedings(Chinese,
 author = "C. Wang and S. Cyphers and X. Mou and J. Polifroni and S. Seneff and J. Yi and V. Zue",
 title = "MUXING: A Telephone-Access Mandarin Conversational System",
 booktitle = icslp,
 year = 2000,
 month = oct,
 address = "Beijing, China")

@inproceedings(Japanese,
 author = "M. Nakano and Y. Minami and S. Seneff and T. J. Hazen and S. Cyphers and J. Glass and J. Polifroni and V. Zue",
 title = "Mokusei: A Telephone-Based Japanese Conversational System in the Weather Domain",
 booktitle = eurospeech,
 year = 2001,
 month = oct,
 address = "Aalborg, Denmark",
 pages = "1331--1334")

