@InProceedings{Lai:WPP:2003,
  author       = {Ming Kin Lai and John Doe},
  title        = {Why Parallel Programming is Important},
  booktitle    = {Proceedings of Supercomputing Symposium},
  editor       = "Joe Smith",
  pages        = {379--386},
  year         = 2003,
  publisher    = "IEEE",
  url          = "http://www.lai.com/wpp.ps"
}

@article{Lai:PPV:2003, 
      AUTHOR = {Ming Kin Lai},
      TITLE = {Parallel Programming is Very Important}, 
      journal = {International Journal of Parallel Programming},
      month = dec,
      YEAR = 2003,
      volume = 31,
      number = 6,
      pages = "1-20"
}

@book{Lai:IDP:2003,
      author = "Ming Kin Lai",
      title = "The Importance of Distributed Programming",
      publisher = "Prentice-Hall",
      address = "New York",
      year = 2003
}
