@misc{ crandallKlivington,
  author = "Richard Crandall and Jason Klivington",
  title = "Fast matrix algebra on Apple G4",
  year = "2000",
  month = "Feburary",
  url = "http://developer.apple.com/hardware/ve/pdf/g4matrix.pdf" }


@article{ryan92,
 author = {Steven Ryan},
 title = {Linear data flow analysis},
 journal = {ACM SIGPLAN Notices},
 volume = {27},
 number = {4},
 year = {1992},
 issn = {0362-1340},
 pages = {59--67},
 doi = {http://doi.acm.org/10.1145/131080.131088},
 publisher = {ACM Press},
 }

@TechReport{xiong-thesis-tr,
  author = 	 {Jianxin Xiong},
  title = 	 {Automatic Optimization of DSP Algorithms},
  institution =  {University of Illinois at Urbana-Champaign},
  year = 	 {2001},
  note=          {PhD Thesis},
  number = 	 {UIUCDCS-R-2001-224},
}

@PhdThesis{xiong-thesis,
  author = 	 {Jianxin Xiong},
  title = 	 {Automatic Optimization of DSP Algorithms},
  school = 	 {Univ. of Illinois at Urbana-Champaign},
  year = 	 {2001},
  OPTkey = 	 {},
  OPTtype = 	 {},
  OPTaddress = 	 {},
  OPTmonth = 	 {},
  OPTnote = 	 {},
  OPTannote = 	 {}
}

@inproceedings{xiong01spl,
    author = "Jianxin Xiong and Jeremy Johnson and Robert W. Johnson and David A. Padua",
    title = "{SPL}: A Language and Compiler for {DSP} Algorithms",
    booktitle = "{SIGPLAN} Conference on Programming Language Design and Implementation",
    booktitle = "PLDI",
    OPTpages = "298-308",
    year = "2001",
    url = "citeseer.nj.nec.com/xiong01spl.html" }

@article{johnson01searching,
    author = "Jeremy Johnson and Robert W. Johnson and David A. Padua and Jianxin Xiong",
    title = "Searching for the Best {FFT} Formulas with the {SPL} Compiler",
    journal = "LNCS",
    volume = "2017",
    OPTpages = "112--??",
    year = "2001",
    url = "citeseer.nj.nec.com/479335.html" }

@article{egner01automatic,
    author = "S. Egner and J. Johnson and D. Padua and M. P{\"u}schel and J. Xiong",
    title = "Automatic Derivation and Implementation of Signal Processing Algorithms",
    OPTjournal = "SIGSAM Bulletin (ACM Special Interest Group on Symbolic and Algebraic Manipulation)",
    journal = "SIGSAM Bulletin",
    volume = "35",
    number = "2",
    pages = "1--19",
    year = "2001",
    url = "citeseer.nj.nec.com/485983.html"}

@article{ singer02automatic,
    author = "Byran Singer and Manuela M. Veloso",
    title = "Automating the Modeling and Optimization of the Performance of Signal Transforms",
    journal = "IEEE Transactions on Signal Processing",
    volume = "50",
    number = "8",
    pages = "2003--2014",
    year = "2002"}

@INPROCEEDINGS{Rix98,
    author = "Scott Rixner and William J. Dally and Ujval J. Kapani and Brucek Khailany and Abelardo Lopez-Lagunas and Peter R. Mattson and John D. Owens",
    title = "{A Bandwidth-Efficient Architecture for Media Processing}",
    booktitle = "HPCA",
    month = "November",
    year = 1998,
    address = "Dallas, TX"}

@article{ bik96automatic,
    author = "Aart J. C. Bik and Harry A.G. Wijshoff",
    title = "Automatic Data Structure Selection and Transformation for Sparse Matrix Computations",
    journal = "IEEE Transactions on Parallel and Distributed Systems",
    volume = "7",
    number = "2",
    pages = "109--126",
    year = "1996"}

@misc{ spiral,
  author = "Jeremy Johnson and Robert W. Johnson and David A. Padua and Jianxin Xiong",
  title = "{SPIRAL Home Page.}",
  howPublished   = "\verb+http://www.ece.cmu.edu/~spiral/+"}
  url   = "http://www.ece.cmu.edu/~spiral/"}

@article{ whaley01automated,
    author = "R. Clint Whaley and Antoine Petitet and Jack J. Dongarra",
    title = "Automated empirical optimizations of software and the {ATLAS} project",
    journal = "Parallel Computing",
    volume = "27",
    number = "1--2",
    pages = "3--35",
    year = "2001",
    url = "citeseer.nj.nec.com/whaley00automated.html" }




@misc{ frigo98fftw,
  author = "M. Frigo and S. Johnson",
  title = "FFTW: An adaptive software architecture for the FFT",
  text = "Matteo Frigo and Steven G. Johnson. FFTW: An adaptive software architecture for the FFT. In Proceedings of the IEEE International Conference on Acoustics, Speech, and Signal Processing, volume 3, pages 1381-- 1384, Seattle, WA, May 1998.",
  year = "1998",
  url = "citeseer.nj.nec.com/frigo98fftw.html" }

@inproceedings{frigo99fast,
    author = "M. Frigo",
    title = "{A Fast Fourier Transform Compiler}",
    organization = "{In proceedings of the ACM SIGPLAN 2003 Conference on
Programming Language Design and Implementation (PLDI)}",
    OPTaddress = "Atlanta, GA",
    year = "1999",
    url = "citeseer.nj.nec.com/frigo99fast.html" }

@misc{fftw, 
  author = "M. Frigo and S. Johnson",
  title = "Home Page of FFTW",
  howPublished   = "http://www.fftw.org"}
  url   = "http://www.fftw.org"}

@article{ waingold97baring,
    author = "Elliot Waingold and Michael Taylor and Devabhaktuni Srikrishna and Vivek Sarkar and Walter Lee and Victor Lee and Jang Kim and Matthew Frank and Peter Finch and Rajeev Barua and Jonathan Babb and Saman Amarasinghe and Anant Agarwal",
    title = "Baring It All to Software: Raw Machines",
    journal = "Computer",
    volume = "30",
    number = "9",
    pages = "86--93",
    year = "1997",
    url = "citeseer.nj.nec.com/waingold97baring.html" }


@Article{raw-micro,
  author = 	 {M.B. Taylor and et. al },
  title = 	 {The raw microprocessor: a computational fabric for software circuits and general-purpose programs },
  journal = 	 {IEEE Micro},
  year = 	 {2002},
  volume = 	 {22},
  number = 	 {2},
  pages = 	 {25-35},
  month = 	 {March/April},
}


@inproceedings{streamitcc,
 author = "William Thies and Michal Karczmarek and Saman Amarasinghe",
 title = "{StreamIt:  A Language for Streaming Applications}",
 booktitle = "{Proc. of the Int. Conf. on Compiler Construction (CC)}",
 year = "{2002}",
 OPTaddress = "{Grenoble, France}",
}

@InProceedings{streamit-asplos,
  author = 	 {Michael Gordon and William Thies and Michal Karczmarek and Jasper Lin and Ali S. Meli and Andrew A. Lamb and Chris Leger and Jeremy Wong and Henry Hoffmann and David Maze and Saman Amarasinghe},
  title = 	 "{A Stream Compiler for Communication-Exposed Architectures}",
  OPTpages = 	 {291-303},
  year = 	 {2002},
  OPTmonth = 	 {October},
  organization = {ASPLOS},
}

@MastersThesis{karczma-thesis,
  author = 	 {Michael A. Karczmarek},
  title = 	 {Constrained and phased scheduling of synchronous data flow graphs for the StreamIt language},
  school = 	 {MIT LCS},
  month =        {October},
  year = 	 {2002},
}

@MastersThesis{lamb-thesis,
  author = 	 {Andrew A. Lamb},
  title = 	 {Linear Analysis and Optimization of Stream Programs},
  school = 	 {MIT LCS},
  month =        {May},
  year = 	 {2003},
}

@MastersThesis{gordon-thesis,
  author = 	 {Michael Gordon},
  title = 	 {A Stream-Aware Compiler for Communication-Exposed Architectures},
  school = 	 {MIT Laboratory for Computer Science},
  month =        {August},
  year = 	 {2002},
}

@Book{oppenheim-symbolic,
  editor = 	 {Alan V. Oppenheim and S. Hamid Nawab},
  title = 	 {Symbolic and Knowledge-Based Signal Processing},
  publisher = 	 {Prentice Hall},
  year = 	 {1992},
}
@Book{oppenheim-discrete,
  author = 	 {Alan V. Oppenheim and Ronald W. Shafer and John R. Buck},
  title = 	 {Discrete-Time Signal Processing},
  publisher = 	 {Prentice Hall},
  year = 	 {1999},
  edition =      {second},
}
@Book{oppenheim-signals,
  author = 	 {A. V. Oppenheim and A. S. Willsky with S. H. Nawab},
  title = 	 {Signals and Systems},
  publisher = 	 {Prentice-Hall},
  year = 	 {1997},
  edition = 	 {second},
}
@Book{lyons-understanding,
  author = 	 {Richard G. Lyons},
  title = 	 {Understanding Digital Signal Processing},
  publisher = 	 {Prentice Hall PTR},
  year = 	 {2001},
}

@Book{covell-ade-book,
  author = 	 {Michele Mae Covell},
  title = 	 {An Algorithm Design Environment for Signal Processing},
  publisher = 	 {Research Lab for Electronics, Massachusetts Institute of Technology},
  year = 	 {1989},
  number = 	 {RLE Technical Report No. 549},
  note = 	 {PhD thesis, Alan V. Oppenheim supervisor},
}

@PhdThesis{covell-ade,
  author = 	 {Michele Mae Covell},
  title = 	 {An Algorithm Design Environment for Signal Processing},
  school = 	 {MIT},
  year = 	 {1989},
  OPTkey = 	 {},
  OPTtype = 	 {},
  OPTaddress = 	 {},
  OPTmonth = 	 {},
  OPTnote = 	 {},
  OPTannote = 	 {}
}

@Book{dragon-book,
  author = 	 {Alfred V. Aho, Ravi Sethi and Jeffrey D. Ullman},
  title = 	 {Compilers: Principles, Techniques, and Tools},
  publisher = 	 {Addison-Wesley Publishing Company},
  year = 	 {1988},
  edition = 	 {second},
}
@Book{tiger-book,
  author = 	 {Andrew W. Appel},
  title = 	 {Modern Compiler Implementation in Java},
  publisher = 	 {Cambridge University Press},
  year = 	 {1998},
  edition = 	 {second},
}
@Book{totem-book,
  author = 	 {Steven S. Muchnick},
  title = 	 {Advanced Compiler Design and Implementation},
  publisher = 	 {Morgan Kaufmann Publishers},
  year = 	 {1997},
  edition = 	 {first},
}



@misc{ matlab,
  author = "The MathWorks, Inc.",
  title = "MATLAB Homepage",
  howPublished   = "{\tt http://www.mathworks.com}",
  url   = "{\tt http://www.mathworks.com}"
}

@article{survey97,
    author = "Robert Stephens",
    title = "{A Survey of Stream Processing}",
    journal = "Acta Informatica",
    volume = "34",
    number = "7",
    OPTpages = "491--541",
    year = "1997",
    url = "citeseer.nj.nec.com/stephens95survey.html"
}

@article{esterel92,
    author = "Gerard Berry and Georges Gonthier",
    title = "{The Esterel Synchronous Programming Language: Design, Semantics, Implementation}",
    journal = "Science of Computer Prog.",
    volume = "19",
    number = "2",
    OPTpages = "87-152",
    year = "1992"
}

@misc{rio-webpage,
  author = "Derek Bruening and Evelyn Duesterwald and Saman Amarasinghe",
  title = "Homepage of the RIO project",
  howPublished   = "http://www.cag.lcs.mit.edu/rio/",
  url   = "http://www.cag.lcs.mit.edu/rio/"
}

@InProceedings{dynamo99,
  author = 	 {Vasanth Bala and Evelyn Duesterwald and Sanjeev Banerjia},
  title = 	 {Dynamo: A Transparent Dynamic Optimization System},
  year = 	 {1999},
  OPTmonth = 	 {June},
  booktitle = "{PLDI}",
}

@misc{cell-webpage,
  author = "John G. Spooner",
  title = "Chip trio allows glimpse into ``Cell''",
  howPublished   = "http://news.com.com/2100-1001-948493.html",
  url   = "http://news.com.com/2100-1001-948493.html"
}

@article{lustre,
    author = "N. Halbwachs and P. Caspi and P. Raymond and D. Pilaud",
    title = "{The synchronous data-flow programming language LUSTRE}",
    journal = "Proc. of the IEEE",
    volume = "79",
    number = "9",
    OPTmonth = "September",
    OPTpages = "1305--1320",
    year = "1991",
    url = "citeseer.nj.nec.com/halbwachs91synchronous.html" 
}

@Article{signal,
  author = 	 {Thierry Gautier and Paul Le Guernic and Loic Besnard},
  title = 	 {Signal: A declarative language for synchronous programming of real-time systems},
  journal = 	 {Springer Verlag LNCS},
  year = 	 {1987},
  OPTkey = 	 {},
  volume = 	 {274},
  OPTnumber = 	 {},
  OPTpages = 	 {257--277},
  OPTmonth = 	 {},
  OPTnote = 	 {},
  OPTannote = 	 {}
}

@InProceedings{sisal,
  author = 	 {J. Gaudiot and W. Bohm and T. DeBoni and J. Feo and P. Mille},
  title = 	 {The Sisal Model of Functional Programming and its Implementation},
  OPTcrossref =  {},
  OPTkey = 	 {},
  booktitle = {Proceedings of the 2nd Aizu International Symposium on Parallel Algorithms/Architecture Synthesis},
  OPTOPTpages = 	 {},
  year = 	 {1997},
  OPTeditor = 	 {},
  OPTvolume = 	 {},
  OPTnumber = 	 {},
  OPTseries = 	 {},
  OPTaddress = 	 {},
  OPTmonth = 	 {},
  OPTorganization = {},
  OPTpublisher = {},
  OPTnote = 	 {},
  OPTannote = 	 {}
}

@Manual{occammanual,
  title = 	 "{Occam 2 Reference Manual}",
  OPTkey = 	 {},
  author = 	 "{Inmos Corporation}",
  organization = {Prentice Hall},
  OPTaddress = 	 {},
  OPTedition = 	 {},
  OPTmonth = 	 {},
  year = 	 {1988},
  OPTnote = 	 {},
  OPTannote = 	 {}
}

@Book{theory-of-numbers,
  author = 	 {Ivan Niven and Herbert Zuckerman and Hugh Montgomery},
  title = 	 {An introduction to the theory of numbers},
  publisher = 	 {John Wiley and Sons, Inc.},
  year = 	 {1991},
  OPTkey = 	 {},
  OPTvolume = 	 {},
  OPTnumber = 	 {},
  OPTseries = 	 {},
  OPTaddress = 	 {},
  OPTedition = 	 {},
  OPTmonth = 	 {},
  OPTnote = 	 {page 212},
  OPTannote = 	 {}
}


@Article{karr-affine,
  author = 	 {Michael Karr},
  title = 	 {Affine Relationships Among Variables of A Program},
  journal = 	 {Acta Informatica},
  year = 	 {1976},
  OPTvolume = 	 {6},
  OPTnumber = 	 {},
  pages = 	 {133-155},
  OPTmonth = 	 {},
  OPTnote = 	 {},
  OPTannote = 	 {}
}

@inproceedings{ cousothalbwachs78-popl,
  author =    {Cousot, P{.} and Halbwachs, N{.}},
  title =     {Automatic discovery of linear restraints among variables of a program},
  pages =     {84--97},
  booktitle = {Conference Record of the Fifth Annual ACM SIGPLAN-SIGACT Symposium on Principles of Programming Languages},
  address =   {Tucson, Arizona},
  publisher = {ACM Press, New York, NY},
  year =      {1978},
  url = {citeseer.nj.nec.com/cousot78automatic.html}
}


@Book{comp-lin-algebra,
  author = 	 {Granville Sewell},
  title = 	 {Computational Methods of Linear Algebra},
  publisher = 	 {Ellis Horwood},
  year = 	 {1990},
  address = 	 {Chichester, England}
}

@Article{gass-talk,
  author = 	 {Wanda Gass},
  title = 	 {Digital Signal Processors: Past, Present, and Future},
  journal = 	 {MIT VLSI Seminar Series},
  year = 	 {2002},
  OPTkey = 	 {},
  OPTvolume = 	 {},
  OPTnumber = 	 {},
  OPTpages = 	 {},
  month = 	 {November 5},
  OPTnote = 	 {Talk about the various stages of TI DSP processors.},
  OPTannote = 	 {}
}

@Book{ti-dsp-manual,
  author = 	 {Texas Instruments},
  title = 	 {TMS320C54x DSP Reference Set},
  publisher = 	 {Texas Instruments},
  year = 	 {2001},
  volume = 	 {2: Mnemonic Instruction Set},
  month = 	 {March},
  note = 	 {Literature number: SPRU172C. http://www-s.ti.com/sc/psheets/spru172c/spru172c.pdf},
}

