%=======================================================================
% Journal abbreviations:

@String{j-PARALLEL-COMPUTING    = "Parallel Computing"}
@String{j-INT-J-PARALLEL-PROG   = "Int. J. of Parallel
                                   Programming"}
@String{j-CACM                  = "Communications of the ACM"}
@String{j-OOPS-MESSENGER        = "OOPS Messenger"}
@String{j-SIGMOD                = "ACM SIG{\-}MOD Record"}
@String{j-SIGPLAN               = "ACM SIG{\-}PLAN Notices"}

%=======================================================================
% Publisher abbreviations:

@String{pub-NH                  = "North-Hol{\-}land"}
@String{pub-NH:adr              = "Amsterdam, The Netherlands"}
@String{pub-ACM                 = "ACM Press"}
@String{pub-ACM:adr             = "New York, NY, USA"}
@String{pub-AW                  = "Ad{\-d}i{\-s}on-Wes{\-l}ey"}
@String{pub-AW:adr              = "Reading, MA, USA"}

%=======================================================================
% Series abbreviations:

@String{ser-SIGPLAN               = "ACM SIG{\-}PLAN Notices"}

%=======================================================================
% Entries

@Article{Bhatta97,
  author = 	 {Chuvra S. Bhattacharyya and Praveen K. Murthy and Edward A. Lee},
  title = 	 "{APGAN and RPMC:  Complementary Heuristics for Translating DSP Block Diagrams into Efficient Software Impelementations}",
  journal = 	 "{Journal of Design Automation for Embedded Systems}",
  year = 	 {1997},
  OPTkey = 	 {},
  OPTvolume = 	 {},
  OPTnumber = 	 {},
  OPTpages = 	 {33--60},
  month = 	 {January},
  OPTnote = 	 {},
  OPTannote = 	 {}
}

@misc{ptolemyoverview,
  author = {Edward A. Lee},
  title = "{Overview of the Ptolemy Project}",
  howpublished = "UCB/ERL Technical Memorandum UCB/ERL M01/11, Dept. EECS, UC Berkeley, CA",
  month = "March",
  year = "2001",
  text = "E.A. Lee, Overview of the Ptolemy Project, UCB/ERL Technical Memorandum UCB/ERL M01/11, Dept. EECS, UC Berkeley, CA 94720, March 2001."
}

@Book{leesdf,
  author = {S. S. Bhattacharyya and P. K. Murthy and E. A. Lee},
  title = "{Software Synthesis from Dataflow Graphs}",
  publisher = {Kluwer Academic Publishers},
  isbn = {0-7923-9722-3},
  year = {1996},
  url = {http://www.wkap.nl/book.htm/0-7923-9722-3}
}

@Article{GASAS,
  author = {Eckart Zitzler and Jurgen Teich and Shuvra S. Bhattacharyya},
  title = "{Evolutionary Algorithms for the Synthesis of Embedded Software}",
  journal = "{IEEE Trans. on Very Large Scale Integration (VLSI) Systems}",
  year = {2000},
  volume = {8},
  number = {4},
  month = {August}
}

@Article{bhattacharyya99synthesis,
  author = {S. Bhattacharyya and P. Murthy and E. Lee},
  title = {Synthesis of embedded software from synchronous dataflow specifications},
  journal = {Journal of VLSI Signal Processing Systems},
  year = {1999},
  volume = {21},
  number = {2},
  month = {June},
}

@InProceedings{murt1999x3,
  author = {P. K. Murthy and S. S. Bhattacharyya},
  title = "{A Buffer Merging Technique for Reducing Memory Requirements of
  Synchronous Dataflow Specifications}",
  booktitle = {International Symposium on System Synthesis},
  year = {1999},
  OPTmonth = {November},
  OPTpages = {78--84},
  OPTaddress = {San Jose, California},
}

@TechReport{murt2000x2,
  author = {P. K. Murthy and S. S. Bhattacharyya},
  title = "{Buffer Merging --- A Powerful Technique for Reducing Memory
  Requirements of Synchronous Dataflow Specifications}",
  year = {2000},
  OPTmonth = {April},
  institution = {Inst. for Adv. Computer Studies, UMD College Park},
}

@InProceedings{lamb03,
  author = 	 {Andrew Lamb and William Thies and Saman Amarasinghe},
  title = 	 "{Linear Analaysis and Optimization of Stream Programs}",
  year = 	 {2003},
  OPTmonth = 	 {June},
  booktitle = "{PLDI}",
}

@TechReport{murthy99buffer,
  author = {P. K. Murthy and S. S. Bhattacharyya},
  title = "{Buffer Merging --- A Powerful Technique for Reducing Memory
  Requirements of Synchronous Dataflow Specifications}",
  year = {2000},
  month = {April},
  number = {UMIACS-TR-2000-20},
  institution = {Institute for Advanced Computer Studies, University of
  Maryland at College Park},
  note = {Also Computer Science Technical Report CS-TR-4126},
  postscript = {murt2000x2.ps},
  pdf = {murt2000x2.pdf}
}

@InProceedings{govindarajan-minimizing,
  author = {R. Govindarajan and Guang R. Gao and Palash Desai},
  title = {Minimizing memory requirements in rate optimal schedules},
  booktitle = {Proc. of the 1994 International Conference on Application Specific Array Processors},
  pages = {75-86},
  year = {1994},
  month = {August},
  organization = {IEEE Computer Society},
}

@misc{streamittech2,
  author = "William Thies and Michal Karczmarek and Michael Gordon and David Maze and Jeremy Wong and Henry Hoffmann and Matthew Brown and Saman Amarasinghe",
  title = "{StreamIt:  A Compiler for Streaming Applications}",
  howpublished = "MIT-LCS Technical Memo LCS-TM-622, Cambridge, MA",
  year = "2001"
}

@misc{streamittech3,
  author = "William Thies and Jasper Lin and Saman Amarasinghe",
  title = "{Phased Computation Graphs in the Polyhedral Model}",
  howpublished = "MIT-LCS Technical Memo LCS-TM-630, Cambridge, MA",
  year = "2002"
}

@inproceedings{ thies02streamit,
    author = "William Thies and Michal Karczmarek and Saman Amarasinghe",
    title = "{StreamIt:  A Language for Streaming Applications}",
    booktitle = "{Proc. of the International Conference on Compiler Construction}",
    year = {2002},
    OPTaddress = {Grenoble, France}
}

@misc{ gordo-thesis,
  author = "Michael Gordon",
  title = "{A Stream-Aware Compiler for Communication Exposed-Architectures}",
  howpublished = "S.M. Thesis, Massachusetts Instititue of Technology, Laboratory for Computer Science",
  year = "2002",
  url = "http://cag.lcs.mit.edu/commit/papers/02/mgordon-thesis-SM.ps" }

@misc{ karczma-thesis,
  author = "Michal Karczmarek",
  title = "{Constrained and Phased Scheduling of Synchronous Data Flow Graphs for StreamIt Language}",
  howpublished = "S.M. Thesis, Massachusetts Instititue of Technology, Laboratory for Computer Science",
  year = "2002",
  url = "http://cag.lcs.mit.edu/commit/papers/02/karczma-thesis-SM.ps" }
  }

@Article{BELP96,
  author =   {Greet Bilsen and Marc Engels and Rudy Lauwereins and Jean Peperstraete},
  title =    "{Cyclo-Static Dataflow}",
  journal =      {IEEE Trans. on Signal Processing},
  year =     {1996},
  pages =    {397-408},
  month =    {February},
}

@inproceedings{ parks95comparison,
  author = "T. Parks and J. Pino and E. Lee",
  title = "{A Comparison of Synchronous and CycloStatic Dataflow}",
  OPTmonth = {October},
  year = {1995},
  booktitle = {IEEE Asilomar Conference on Signals, Systems,
    and Computers},
  url = "citeseer.nj.nec.com/parks95comparison.html" }

@article{ lee87static,
  author = "E. Lee and D. Messershmitt",
  title = "{Static Scheduling of Synchronous Data Flow Programs for Digital Signal Processing}",
    journal = "IEEE Trans. on Computers",
    volume = "C-36",
    number = "1",
    month = "January",
    pages = "24-35",
    year = "1987",
  }

@article{ goddard00navy,
  author = "S. Goddard and K. Jeffay",
  title = "{Analyzing the Real-Time Properties of a U.S. Navy Singer Processing System}",
    journal = "International Journal of Reliability. Quality and Safety Engineering",
    volume = "7",
    number = "4",
    year = "2000",
  }

@book{gsm,
    author = "M. Mouly and M.B. Pautet",
    title = "The {GSM} System for Mobile Communications",
    publisher = "Cell\&Sys",
    address = "Palaiseau, France",
    isbn = "2-9507190-0-7",
    year = "1992"
}

@inproceedings{ benveniste93dataflow,
    author = "Albert Benveniste and Paul Caspi and Paul Le Guernic and Nicolas Halbwachs",
    title = "{Data-Flow Synchronous Languages}",
    booktitle = "{REX} School/Symposium",
    pages = "1-45",
    year = "1993",
    url = "citeseer.nj.nec.com/benveniste93dataflow.html" }

@article{lustre,
    author = "N. Halbwachs and P. Caspi and P. Raymond and D. Pilaud",
    title = "{The synchronous data-flow programming language LUSTRE}",
    journal = "Proc. of the IEEE",
    volume = "79",
    number = "9",
    month = "September",
    pages = "1305--1320",
    year = "1991",
    url = "citeseer.nj.nec.com/halbwachs91synchronous.html"
}
@InProceedings{bhat1999x1,
  author = {S. S. Bhattacharyya},
  title = "{Optimization Trade-offs in the Synthesis of Software for Embedded
  {DSP}}",
  booktitle = {CASES},
  OPTbooktitle = {Proc. of the International Workshop on Compiler and
  Architecture Support for Embedded Systems},
  year = {1999},
  month = {October},
  note = {Washington, D. C.},
  postscript = {bhat1999x3.ps},
  pdf = {bhat1999x3.pdf}
}

@inproceedings{ wauters96cyclodynamic,
  author = "P. Wauters and M. Engels and R. Lauwereins and J. Peperstraete",
  title = "Cyclo-dynamic dataflow",
  booktitle = "4th EUROMICRO Workshop on Parallel and Distributed Processing",
  month = "January",
  year = "1996",
  url = "citeseer.nj.nec.com/wauters96cyclodynamic.html" }

@article{survey97,
    author = "Robert Stephens",
    title = "{A Survey of Stream Processing}",
    journal = "Acta Informatica",
    volume = "34",
    number = "7",
    pages = "491-541",
    year = "1997",
    url = "citeseer.nj.nec.com/stephens95survey.html"
}

@article{esterel92,
    author = "Gerard Berry and Georges Gonthier",
    title = "{The Esterel Synchronous Programming Language: Design, Semantics, Implementation}",
    journal = "Science of Computer Programming",
    volume = "19",
    number = "2",
    pages = "87-152",
    year = "1992"
}

@Article{signal,
  author =       {Thierry Gautier and Paul Le Guernic and Loic Besnard},
  title =        {Signal: A declarative language for synchronous programming of
real-time systems},
  journal =      {Springer Verlag Lecture Notes in Computer Science},
  year =         {1987},
  volume =       {274},
  pages =     {257--277},
  OPTmonth =     {November},
}

@InProceedings{sisal,
  author =       "{J. Gaudiot and W. Bohm and T. DeBoni and J. Feo and P. Mille}",
  title =        "{The Sisal Model of Functional Programming and its Implementation}",
  booktitle = {Proc. of the Second Aizu International Symposium on Parallel Algorithms/Architectures Synthesis},
  year =         {1997},
  OPTmonth =     {March},
}

@INPROCEEDINGS(Rix98,
    author = "Scott Rixner and {et al}",
    title = "{A Bandwidth-Efficient Architecture for Media Processing}",
    booktitle = "HPCA",
    month = "November",
    year = 1998,
    address = "Dallas, TX")


@inproceedings{smartmemories,
  author = "K. Mai and T. Paaske and N. Jayasena and R. Ho and W. Dally and
M. Horowitz",
  title = "{Smart memories: A modular recongurable architecture}",
  booktitle = {Proc. of the 27th Annual International Symposium on Computer Architecture (ISCA'00)},
  page = {161-171},
  month={June},
  year = "2000" }

@misc{rawshort,
  author = "Elliot Waingold and {et al.}",
  title = "{Baring it all to Software: The Raw Machine}",
  howpublished = "MIT-LCS Technical Report 709, Cambridge, MA",
  year = "1997"
}

@misc{trips,
  author = "K. Sankaralingam and R. Nagarajan and S.W. Keckler and D.C.
Burger",
  title = "{A Technology-Scalable Architecture for Fast Clocks and High ILP}",
  howpublished = "UT Austin Tech Report 01-02",
  year = "2001"
}


@article{ bhattacharyya94looped,
    author = "Shuvra S. Bhattacharyya and Edward A. Lee",
    title = "Looped Schedules for Dataflow Descriptions of Multirate Signal Processing Algorithms",
    journal = "Formal Methods in System Design",
    volume = "5",
    number = "3",
    pages = "183-205",
    year = "1994",
    url = "citeseer.nj.nec.com/article/bhattacharyya94looped.html" }

@book{sicp,
    author = "H. Abelson and G. Sussman",
    title = "{Structure and Interpretation of Computer Programs}",
    howpublished = "MIT Press, Cambridge, MA",
    year = "1985",
    isbn = {0-262-01153-0}
}


@InProceedings{Gordo02,
  author =       {Michael Gordon and William Thies and Michal Karczmarek and Jeremy Wong and Henry Hoffmann and David Maze and Saman Amarasinghe},
  title =        "{A Stream Compiler for Communication-Exposed Architectures}",
  booktitle = {ASPLOS},
  pages =     {75--86},
  year =         {2002},
  month =        {October},
}

@Misc{streamitweb,
  author =        {StreamIt Homepage},
  howpublished = {\texttt{http://compiler.lcs.mit.edu/streamit}},
}
