
%=======================================================================
% Journal abbreviations:

@String{j-PARALLEL-COMPUTING    = "Parallel Computing"}
@String{j-INT-J-PARALLEL-PROG   = "Int. J. of Parallel
                                   Programming"}
@String{j-CACM                  = "Communications of the ACM"}
@String{j-OOPS-MESSENGER        = "OOPS Messenger"}
@String{j-SIGMOD                = "ACM SIG{\-}MOD Record"}
@String{j-SIGPLAN               = "ACM SIG{\-}PLAN Notices"}

%=======================================================================
% Publisher abbreviations:

@String{pub-NH                  = "North-Hol{\-}land"}
@String{pub-NH:adr              = "Amsterdam, The Netherlands"}
@String{pub-ACM                 = "ACM Press"}
@String{pub-ACM:adr             = "New York, NY, USA"}
@String{pub-AW                  = "Ad{\-d}i{\-s}on-Wes{\-l}ey"}
@String{pub-AW:adr              = "Reading, MA, USA"}

%=======================================================================
% Series abbreviations:

@String{ser-SIGPLAN               = "ACM SIG{\-}PLAN Notices"}

%=======================================================================
% Entries


@book{leesdf,
  author = {S. S. Bhattacharyya and P. K. Murthy and E. A. Lee},
  title = "{Software Synthesis from Dataflow Graphs}",
  year = {1996},
  publisher = {Kluwer Academic Publishers},
  note = {189 pages},
  url = {http://www.wkap.nl/book.htm/0-7923-9722-3}
}

% not referenced as much as LM87-i
@Article{LM87-ii,
  author = 	 {E. A. Lee and D. G. Messerschmitt},
  title = 	 {Synchronous Dataflow},
  journal = 	 {Proc. of the IEEE},
  year = 	 {1987},
  OPTkey = 	 {},
  OPTvolume = 	 {},
  OPTnumber = 	 {},
  OPTpages = 	 {},
  month = 	 {September},
  OPTnote = 	 {},
  OPTannote = 	 {}
}

@Article{Murthy2002,
  author = 	 {Praveen K. Murthy and Edward A. Lee},
  title = 	 {Multidimensional Synchronous Dataflow},
  journal = 	 {IEEE Trans. on Signal Processing},
  year = 	 {2002},
  OPTkey = 	 {},
  OPTvolume = 	 {},
  OPTnumber = 	 {},
  OPTpages = 	 {},
  month = 	 {July},
  OPTnote = 	 {},
  OPTannote = 	 {}
}


@InProceedings{GGD94,
  author = 	 {R. Govindarajan and G.R. Gao and P. Desai},
  title = 	 {Minimizing Memory Requirements in Rate-Optimal Schedules},
  OPTcrossref =  {},
  OPTkey = 	 {},
  booktitle = {Proceedings of the 1994 Int. conference on Application Specific Array Processors},
  pages = 	 {75--86},
  year = 	 {1994},
  OPTeditor = 	 {},
  OPTvolume = 	 {},
  OPTnumber = 	 {},
  OPTseries = 	 {},
  OPTaddress = 	 {},
  month = 	 {August},
  OPTorganization = {},
  OPTpublisher = {},
  OPTnote = 	 {},
  OPTannote = 	 {}
}

@inproceedings{streamitcc,
 author = "William Thies and Michal Karczmarek and Saman Amarasinghe",
 title = "{StreamIt:  A Language for Streaming Applications}",
 booktitle = "{Proceedings of the International Conference on Compiler Construction}",
 year = "{2002}",
 address = "{Grenoble, France}",
}

@InProceedings{Gordo02,
  author = 	 {Michael Gordon and William Thies and Michal Karczmarek and Jeremy Wong and
  Henry Hoffmann and David Maze and Saman Amarasinghe},
  title = 	 {A Stream Compiler for Communication-Exposed Architectures},
  OPTcrossref =  {},
  OPTkey = 	 {},
  booktitle = {In ASPLOS X},
  OPTpages = 	 {75--86},
  year = 	 {2002},
  OPTeditor = 	 {},
  OPTvolume = 	 {},
  OPTnumber = 	 {},
  OPTseries = 	 {},
  OPTaddress = 	 {},
  month = 	 {October},
  OPTorganization = {},
  OPTpublisher = {},
  OPTnote = 	 {},
  OPTannote = 	 {}
}

@article{lustre,
    author = "N. Halbwachs and P. Caspi and P. Raymond and D. Pilaud",
    title = "{The synchronous data-flow programming language LUSTRE}",
    journal = "Proceedings of the IEEE",
    volume = "79",
    number = "9",
    month = "September",
    pages = "1305--1320",
    year = "1991",
    url = "citeseer.nj.nec.com/halbwachs91synchronous.html" 
}

@Article{Bhatta97,
  author = 	 {Chuvra S. Bhattacharyya and Praveen K. Murthy and Edward A. Lee},
  title = 	 {APGAN and RPMC:  Complementary Heuristics for Translating DSP Block Diagrams into Efficient Software Impelementations},
  journal = 	 {Journal of Design Automation for Embededded Systems.},
  year = 	 {1997},
  OPTkey = 	 {},
  OPTvolume = 	 {},
  OPTnumber = 	 {},
  pages = 	 {33--60},
  month = 	 {January},
  OPTnote = 	 {},
  OPTannote = 	 {}
}

@InProceedings{Bhatt00,
  author = 	 {Bishnupriya Bhattacharya and Shuvra S. Bhattacharyya},
  title = 	 {Parameterized Dataflow Modeling of DSP Systems},
  OPTcrossref =  {},
  OPTkey = 	 {},
  booktitle = {Proceedings of the International Conference on Acoustics, Speech, and Signal Processing},
  OPTpages = 	 {},
  year = 	 {2000},
  OPTeditor = 	 {},
  OPTvolume = 	 {},
  OPTnumber = 	 {},
  OPTseries = 	 {},
  OPTaddress = 	 {},
  month = 	 {June},
  OPTorganization = {},
  OPTpublisher = {},
  OPTnote = 	 {},
  OPTannote = 	 {}
}

% this seems to be the main article
@Article{LM87-i,
  author = 	 {E. A. Lee and D. G. Messerschmitt},
  title = 	 {Static Scheduling of Synchronous Data Flow Programs for Digital Signal Processing},
  journal = 	 {IEEE Transactions on Computers},
  year = 	 {1987},
  OPTkey = 	 {},
  OPTvolume = 	 {},
  OPTnumber = 	 {},
  OPTpages = 	 {},
  month = 	 {January},
  OPTnote = 	 {},
  OPTannote = 	 {}
}

@Article{BELP96,
  author = 	 {Greet Bilsen and Marc Engels and Rudy Lauwereins and Jean Peperstraete},
  title = 	 {Cyclo-Static Dataflow},
  journal = 	 {IEEE Transactions on Signal Processing},
  year = 	 {1996},
  OPTkey = 	 {},
  OPTvolume = 	 {},
  OPTnumber = 	 {},
  pages = 	 {397-408},
  month = 	 {February},
  OPTnote = 	 {},
  OPTannote = 	 {}
}

@inproceedings{Thies01,
 author = {William Thies and Fr\'{e}d\'{e}ric Vivien and Jeffrey Sheldon and Saman Amarasinghe},
 title= {A Unified Framework for Schedule and Storage Optimization},
 booktitle = {Proceedings of the ACM SIGPLAN 2001 Conference on Programming Language Design and Implementation},
 year = {2001},
 isbn = {1-58113-414-2},
 pages = {232--242},
 location = {Snowbird, Utah},
 doi = {http://doi.acm.org/10.1145/378795.378852},
 publisher = {ACM Press},
 }

@InProceedings{Barthou98,
  author =       "D. Barthou and A. Cohen and J.F. Collard",
  title =        "Maximal Static Expansion",
  pages =        "98--106",
  booktitle =    "Principles of Programming Languages",
  year =         1998,
  address =      "San Diego, CA",
  month =        jan
}

@Article{KM66,
  author = 	 {Richard M. Karp and Raymond E. Miller},
  title = 	 {Properties of a Model for Parallel Computations:  Determinancy, Termination, Queuing},
  journal = 	 {SIAM Journal on Applied Mathematics},
  year = 	 {1966},
  OPTkey = 	 {},
  volume = 	 {14},
  number = 	 {6},
  pages = 	 {1390--1411},
  month = 	 {November},
  OPTnote = 	 {},
  OPTannote = 	 {}
}


@InProceedings{MQRS90,
  author = 	 {Christophe Mauras and Patrice Quinton and Sanjay V. Rajopadhye and Yannick Saouter},
  title = 	 {Scheduling affine parameterized recurrences by means of variable dependent timing functions},
  OPTcrossref =  {},
  OPTkey = 	 {},
  booktitle = {International Conference on Application Specific Array PRocessing},
  pages = 	 {100-110},
  OPTyear = 	 {},
  editor = 	 {S.Y. Kung and E. Swartzlander},
  OPTvolume = 	 {},
  OPTnumber = 	 {},
  OPTseries = 	 {},
  OPTaddress = 	 {},
  month = 	 {Sept, 1990},
  OPTorganization = {IEEE Computer Society},
  OPTpublisher = {},
  OPTnote = 	 {},
  OPTannote = 	 {}
}

@article{Karp67,
 author = {Richard M. Karp and Raymond E. Miller and Shmuel Winograd},
 title= {The Organization of Computations for Uniform Recurrence Equations},
 journal = {Journal of the ACM (JACM)},
 volume = {14},
 number = {3},
 year = {1967},
 issn = {0004-5411},
 pages = {563--590},
 doi = {http://doi.acm.org/10.1145/321406.321418},
 publisher = {ACM Press},
 }

@Techreport{Cohen98,
   author = "A. Cohen and V. Lefebvre",
   title = "Optimization of storage mappings for parallel programs",
   institution = "PRiSM, U. of Versailles",
   type = "Technical Report",
   number = "1998/46",
   year = 1988,
}

@InProceedings{Parks95,
  author = 	 {Thomas M. Parks and Jos\'{e} Luis Pino and Edward A. Lee},
  title = 	 {A Comparison of Synchronous and Cyclo-Static Dataflow},
  OPTcrossref =  {},
  OPTkey = 	 {},
  booktitle = {Proceedings of the Asilomar Conference on Signals, Systems, and Computers},
  OPTpages = 	 {},
  year = 	 {1995},
  OPTeditor = 	 {},
  OPTvolume = 	 {},
  OPTnumber = 	 {},
  OPTseries = 	 {},
  OPTaddress = 	 {},
  month = 	 {October},
  OPTorganization = {},
  OPTpublisher = {},
  OPTnote = 	 {},
  OPTannote = 	 {}
}

@Article{Cohen99,
  author =       "A. Cohen",
  title =        "Parallelization via Constrained Storage Mapping
                 Optimization",
  journal =      "Lecture Notes in Computer Science",
  volume =       "1615",
  pages =        "83--94",
  year =         "1999",
  coden =        "LNCSD9",
  ISSN =         "0302-9743",
  bibdate =      "Mon Sep 13 16:57:02 MDT 1999",
  acknowledgement = ack-nhfb,
}



@Techreport{PAF,
    author = "Paul Feautrier and Jean-François Collard and Michel Barreteau and Denis Barthou and Albert Cohen and Vincent Lefebvre",
    title = "{The Interplay of Expansion and Scheduling in PAF}",
   institution = "PRiSM, U. of Versailles",
   type = "Technical Report",
   number = "1998/6",
   year = 1988,
}


@Book{DRV00,
  author =	 {Alain Darte and Yves Robert and Fr\'{e}d\'{e}ric Vivien},
  title = 	 {Scheduling and Automatic Parallelization},
  publisher = 	 {Birkh\"{a}user Boston},
  year = 	 2000
}

@INPROCEEDINGS{Feautrier88c,
        AUTHOR             = {Paul Feautrier},
        BOOKTITLE          = {ACM Int. Conf. on Supercomputing},
        PAGES              = {429-441},
        TITLE              = {Array expansion},
        YEAR               = {1988}
}

@ARTICLE{Feautrier91,
        AUTHOR             = {Paul Feautrier},
        JOURNAL =      j-INT-J-PARALLEL-PROG,  
        NUMBER             = {1},
        PAGES              = {23-51},
        TITLE              = {Dataflow analysis of array and scalar references},
        VOLUME             = {20},
        YEAR               = {1991}
}

@InProceedings{Feautrier01,
  author = 	 {Paul Feautrier},
  title = 	 {Array Dataflow Analysis},
  OPTcrossref =  {},
  OPTkey = 	 {},
  booktitle =    {Compiler Optimizations for Scalable Parallel Systems:  Languages, Compilation Techniques, and Run Time Systems, LNCS 1808},
  OPTpages = 	 {173--220},
  year = 	 {2001},
  editor = 	 {Dharma P. Agrawal and Santosh Pande},
  OPTvolume = 	 {1808},
  OPTnumber = 	 {},
  OPTseries = 	 {LNCS},
  OPTaddress = 	 {},
  OPTmonth = 	 {},
  OPTorganization = {},
  OPTpublisher = {},
  OPTnote = 	 {},
  OPTannote = 	 {}
}


@PhdThesis{Buck93,
  author = 	 {J.T. Buck},
  title = 	 {Scheduling dynamic dataflow graphs with bounded memory using the token flow model},
  school = 	 {University of California, Berkeley},
  year = 	 {1993},
  OPTkey = 	 {},
  OPTtype = 	 {},
  OPTaddress = 	 {},
  OPTmonth = 	 {},
  OPTnote = 	 {},
  OPTannote = 	 {}
}

@Article{Feautrier92i,
  author =       "Paul Feautrier",
  title =        "Some efficient solutions to the affine scheduling
                 problem. Part {I}. One-dimensional time",
  journal =      j-INT-J-PARALLEL-PROG,
  volume =       "21",
  number =       "5",
  pages =        "313--347",
  month =        oct,
  year =         "1992",
  CODEN =        "IJPPE5",
  ISSN =         "0885-7458",
  MRclass =      "68M20",
  MRnumber =     "94i:68030",
  bibdate =      "Sat Apr 26 13:44:09 MDT 1997",
  bibsource =    "Compendex database",
  acknowledgement = ack-nhfb,
  affiliation =  "Univ de Versailles St. Quentin",
  affiliationaddress = "Versailles, Fr",
  classification = "722.4; 723.2; 921.1; 921.5; C4240P (Parallel
                 programming and algorithm theory); C5220P (Parallel
                 architecture); C6150N (Distributed systems)",
  corpsource =   "Inst. Blaise Pascal, Versailles Univ., France",
  journalabr =   "Int J Parallel Program",
  keywords =     "actions; affine scheduling problem; Affine scheduling
                 problem; Algorithms; Automatic parallelization;
                 automatic parallelization; Automatic systolic array
                 design; automatic systolic array design; closed form
                 schedules; compiling; execution date; integral vectors;
                 iteration domains; Iteration vector; iterative methods;
                 Iterative methods; linear programming; Linear
                 programming; multiprocessor architectures;
                 one-dimensional time; Parallel processing systems;
                 parallel programming; parallelism; parametric linear
                 program; Piecewise affine functions; precedence
                 constraints; program execution; programming theory;
                 recurrence equations; Recurrence equations; Scheduling;
                 scheduling; systolic arrays; Vectors; vectors",
  treatment =    "T Theoretical or Mathematical",
}


@Article{Feautrier92ii,
  author =       "Paul Feautrier",
  title =        "Some Efficient Solutions to the Affine Scheduling
                 Problem. Part {II}. Multidimensional Time",
  journal =      j-INT-J-PARALLEL-PROG,
  volume =       "21",
  number =       "6",
  pages =        "389--420",
  month =        dec,
  year =         "1992",
  CODEN =        "IJPPE5",
  ISSN =         "0885-7458",
  MRclass =      "68M20",
  MRnumber =     "94k:68015",
  bibdate =      "Sat Apr 26 13:44:09 MDT 1997",
  acknowledgement = ack-nhfb,
  classification = "C4240P (Parallel programming and algorithm theory);
                 C6110P (Parallel programming); C6150N (Distributed
                 systems)",
  corpsource =   "Lab. MASI, Versailles St-Quentin Univ., France",
  keywords =     "affine scheduling problem; computational complexity;
                 divide and conquer strategy; lexicographic ordering;
                 loop nests; multidimensional schedules;
                 multidimensional time; parallel algorithm; parallel
                 algorithms; parallel complexity; parallel programming;
                 parallelism detection; parallelizing compilers;
                 performance; polynomial complexity; polynomial
                 schedules; scheduling; source program; static control
                 program",
  treatment =    "T Theoretical or Mathematical",
}

@Article{murt1997x1,
  author = {P. K. Murthy and S. S. Bhattacharyya and E. A. Lee},
  title = "{Joint Minimization of Code and Data for Synchronous Dataflow
  Programs}",
  journal = {Journal of Formal Methods in System Design},
  year = {1997},
  month = {July},
  volume = {11},
  number = {1},
  pages = {41--70},
  pdf = {murt1997x1.pdf}
}

@Article{murt2001x1,
  author = {P. K. Murthy and S. S. Bhattacharyya},
  title = "{Shared Buffer Implementations of Signal Processing Systems using
  Lifetime Analysis Techniques}",
  journal = {IEEE Transactions on Computer-Aided Design of Integrated Circuits
  and Systems},
  year = {2001},
  month = {February},
  volume = {20},
  number = {2},
  pages = {177--198},
  pdf = {murt2001x1.pdf}
}

@Article{Bhatta2000,
  author = 	 {Shuvra S. Bhattacharyya and Sundararajan Sriram and Edward A. Lee},
  title = 	 {Resynchronization for Multiprocessor DSP Systems},
  journal = 	 {IEEE Transactions on Circuit and Systems - I: Fundamental Theory and Applications},
  year = 	 {2000},
  OPTkey = 	 {},
  volume = 	 {47},
  number = 	 {11},
  OPTpages = 	 {},
  OPTmonth = 	 {},
  OPTnote = 	 {},
  OPTannote = 	 {}
}

@InProceedings{murt1999x3,
  author = {P. K. Murthy and S. S. Bhattacharyya},
  title = "{A Buffer Merging Technique for Reducing Memory Requirements of
  Synchronous Dataflow Specifications}",
  booktitle = "{Proceedings of the International Symposium on System Synthesis}",
  year = {1999},
  month = {November},
  pages = {78--84},
  address = {San Jose, California},
  pdf = {murt1999x3.pdf}
}

@INPROCEEDINGS{IT88,
        AUTHOR             = {François Irigoin and R\'emy Triolet},
        ADDRESS            = {San Diego, CA},
        BOOKTITLE          = {Proc. 15th Annual ACM Symp. Principles of Prog. Languages},
        MONTH              = jan,
        PAGES              = {319--329},
        TITLE              = {Supernode Partitioning},
        YEAR               = {1988}
}

@TechReport{Manjun00,
  author = 	 {M. Manjunathaiah and G.M. Megson and T. Risset and S. Rajopadhye},
  title = 	 {Uniformization Tool for Systolic Array Designs},
  institution =  {IRISA},
  year = 	 {2000},
  OPTkey = 	 {},
  OPTtype = 	 {},
  number = 	 {PI-1350},
  OPTaddress = 	 {},
  month = 	 {June},
  OPTnote = 	 {},
  OPTannote = 	 {}
}

@InProceedings{LoeMon00,
  author = 	 {Vincent Loechner and Catherine Mongenet},
  title = 	 {Communication Optimization for Affine Recurrence Equations Using Broadcast and Locality},
  OPTcrossref =  {},
  OPTkey = 	 {},
  booktitle = {International Journal of Parallel Programming},
  pages = 	 {47-102},
  year = 	 {2000},
  OPTeditor = 	 {},
  volume = 	 {28},
  number = 	 {1},
  OPTseries = 	 {},
  OPTaddress = 	 {},
  OPTorganization = {},
  OPTpublisher = {},
  OPTnote = 	 {},
  OPTannote = 	 {}
}

@Misc{Raj96,
  OPTkey = 	 {},
  author = 	 {S. Rajopadhye},
  title = 	 {Systolic Origins of the Polyhedral Model},
  howpublished = {Unpublished note, \mbox{http://www.irisa.fr/cosi/Rajopadhye/overview.ps.gz}},
  OPTmonth = 	 {},
  OPTyear = 	 {},
  OPTnote = 	 {},
  OPTannote = 	 {}
}

@InProceedings{Quinton84,
  author = 	 {P. Quinton},
  title = 	 {Automatic synthesis of systolic arrays from uniform recurrence equations},
  OPTcrossref =  {},
  OPTkey = 	 {},
  booktitle = {Proceedings of the 11th Annual Symposium. on Computer Architecture},
  pages = 	 {208--214},
  year = 	 {1984},
  OPTeditor = 	 {},
  OPTvolume = 	 {},
  OPTnumber = 	 {},
  OPTseries = 	 {},
  OPTaddress = 	 {},
  OPTmonth = 	 {},
  OPTorganization = {},
  OPTpublisher = {},
  OPTnote = 	 {},
  OPTannote = 	 {}
}

@TechReport{Lee01,
  author = 	 {Edward A. Lee},
  title = 	 {Overview of the Ptolemy Project},
  institution =  {University of California, Berkeley},
  year = 	 {2001},
  OPTkey = 	 {},
  OPTtype = 	 {},
  number = 	 {Technical Memorandum UCB/ERL M01/11},
  OPTaddress = 	 {},
  month = 	 {March},
  OPTnote = 	 {},
  OPTannote = 	 {}
}

@Article{Gaut87,
  author = 	 {Thierry Gautier and Paul Le Guernic and Loic Besnard},
  title = 	 {Signal: A declarative language for synchronous programming of real-time systems},
  journal = 	 {Springer Verlag Lecture Notes in Computer Science},
  year = 	 {1987},
  OPTkey = 	 {},
  volume = 	 {274},
  OPTnumber = 	 {},
  pages = 	 {257--277},
  OPTmonth = 	 {},
  OPTnote = 	 {},
  OPTannote = 	 {}
}

@Article{Lauw95,
  author = 	 {Rudy Lauwereins and Marc Engels and Marleen Ade and J.A. Peperstraete},
  title = 	 "{Grape-II: A System-Level Prototyping Environment for DSP Applications}",
  journal = 	 {IEEE Computer},
  year = 	 {1995},
  OPTkey = 	 {},
  volume = 	 {28},
  number = 	 {2},
  OPTpages = 	 {},
  month = 	 {February},
  OPTnote = 	 {},
  OPTannote = 	 {}
}

@Article{Lefebvre98,
  author =       "Vincent Lefebvre and Paul Feautrier",
  title =        "Automatic storage management for parallel programs",
  journal =      j-PARALLEL-COMPUTING,
  volume =       "24",
  number =       "3--4",
  pages =        "649--671",
  day =          "1",
  month =        may,
  year =         "1998",
  CODEN =        "PACOEJ",
  ISSN =         "0167-8191",
  bibdate =      "Fri Aug 6 10:15:46 MDT 1999",
  bibsource =    "Compendex database;
                 http://www.elsevier.com/cgi-bin/cas/tree/store/parco/cas_free/browse/browse.cgi?year=1998&volume=24&issue=3-4",
  URL =          "http://www.elsevier.com/cas/tree/store/parco/sub/1998/24/3-4/1306.pdf",
  acknowledgement = ack-nhfb,
  affiliation =  "Universite de Versailles-St. Quentin",
  affiliationaddress = "Versailles, Fr",
  classification = "722.4; 722.1; 723.1",
  journalabr =   "Parallel Comput",
  keywords =     "Parallel processing systems; Storage allocation
                 (computer); Program translators; Flowcharting; Response
                 time (computer systems); Automatic storage management;
                 Array dataflow analysis",
}

@inproceedings{Lim01,
 author = {Amy W. Lim and Shih-Wei Liao and Monica S. Lam},
 title= {Blocking and array contraction across arbitrarily nested loops using affine partitioning},
 booktitle = {Proceedings of the eighth ACM SIGPLAN symposium on Principles and practices of parallel programming},
 year = {2001},
 isbn = {1-58113-346-4},
 pages = {103--112},
 location = {Snowbird, Utah, United States},
 doi = {http://doi.acm.org/10.1145/379539.379586},
 publisher = {ACM Press},
 }

@INPROCEEDINGS{Lim97, 
    author = "A. Lim and M. Lam",
    title = "Maximizing parallelism and minimizing synchronization with affine transforms",
    text = "Amy W. Lim and Monica S. Lam. Maximizing parallelism and minimizing synchronization
      with affine transforms. In Proceedings of the 24th Annual ACM SIGPLAN-SIGACT
      Symp. on Principles of Prog. Languages, January 1997.",
    year = "1997",
    booktitle = "Proceedings of the 24th Annual ACM SIGPLAN-SIGACT Symp. on Principles of Prog. Languages",
    month = jan
}

@Article{Lim98,
  author =       "Amy W. Lim and Monica S. Lam",
  title =        "Maximizing parallelism and minimizing synchronization
                 with affine partitions",
  journal =      j-PARALLEL-COMPUTING,
  volume =       "24",
  number =       "3--4",
  pages =        "445--475",
  day =          "1",
  month =        may,
  year =         "1998",
  CODEN =        "PACOEJ",
  ISSN =         "0167-8191",
  bibdate =      "Fri Aug 6 10:15:46 MDT 1999",
  bibsource =    "Compendex database;
                 http://www.elsevier.com/cgi-bin/cas/tree/store/parco/cas_free/browse/browse.cgi?year=1998&volume=24&issue=3-4",
  URL =          "http://www.elsevier.com/cas/tree/store/parco/sub/1998/24/3-4/1298.pdf",
  acknowledgement = ack-nhfb,
  affiliation =  "Stanford Univ",
  affiliationaddress = "Stanford, CA, USA",
  classification = "722.4; 723; 921; 723.2; 723.1",
  journalabr =   "Parallel Comput",
  keywords =     "Parallel processing systems; Algorithms; Data
                 acquisition; Computer systems programming; Program
                 compilers; Data dependence vectors; Data dependence
                 abstractions",
}

@PhdThesis{Pike02,
  author = 	 {Geoffrey Pike},
  title = 	 {Reordering and Storage Optimizations for Scientific Programs},
  school = 	 {University of California, Berkeley},
  year = 	 {2002},
  OPTkey = 	 {},
  OPTtype = 	 {},
  OPTaddress = 	 {},
  OPTmonth = 	 {},
  OPTnote = 	 {},
  OPTannote = 	 {}
}

@Article{Loechner97,
  author =       "Vincent Loechner and Doran K. Wilde",
  title =        "Parameterized Polyhedra and Their Vertices",
  journal =      j-INT-J-PARALLEL-PROG,
  volume =       "25",
  number =       "6",
  pages =        "525--549",
  month =        dec,
  year =         "1997",
  CODEN =        "IJPPE5",
  ISSN =         "0885-7458",
  bibdate =      "Tue Apr 7 18:25:25 MDT 1998",
  bibsource =    "Compendex database",
  acknowledgement = ack-nhfb,
  affiliation =  "Universite Louis Pasteur de Strasbourg",
  affiliationaddress = "Illkirch, Fr",
  classification = "722.4; 723; 723.1.1; 921",
  journalabr =   "Int J Parallel Program",
  keywords =     "C (programming language); Computational methods;
                 Parallel algorithms; Parallel processing systems;
                 Parameterized affine recurrence equations (pare);
                 Parameterized polyhedra; Parametric analysis",
}

@Article{Needleman70,
    author = "S. B. Needleman and C. D. Wunsch",
    title = "A general method applicable to the search of similarities in the amino acid sequence of two proteins",
    journal = "Journal of Molecular Biology",
    volume = "48",
    pages = "443--453",
    year = "1970"
}

@Misc{Polyliburl,
  key =		 {Polylib},
  title =	 {PolyLib - A library of polyhedral functions},
  howpublished = {\url{http://icps.u-strasbg.fr/polylib/}}
}

@ARTICLE{Pugh92,
        AUTHOR             = {William Pugh},
        JOURNAL            = {Communications of the ACM},
        MONTH              = aug,
        PAGES              = {102-114},
        TITLE              = {The {O}mega test: a fast and practical integer programming algorithm for dependence analysis},
        VOLUME             = {8},
        YEAR               = {1992}
}

@BOOK{Schrijver86,
        AUTHOR             = {Alexander Schrijver},
        ADDRESS            = {New York},
        PUBLISHER          = {John Wiley and Sons},
        TITLE              = {Theory of Linear and Integer Programming},
        YEAR               = {1986}
}

@Inproceedings{Strout98,
    author = "Michelle Mills Strout and Larry Carter and Jeanne Ferrante and Beth Simon",
    title = "Schedule-Independent Storage Mapping for Loops",
    booktitle = "Architectural Support for Programming Languages and Operating Systems",
    pages = "24-33",
    year = "1998",
    url = "citeseer.nj.nec.com/7497.html"
}


@Misc{feautrier-note,
  OPTkey = 	 {},
  author = 	 {Paul Feautrier},
  title = 	 {The Use of Farkas Lemma in Memory Optimization},
  howpublished = {Unpublished note},
  month = 	 {June},
  year = 	 {2001},
  OPTnote = 	 {},
  OPTannote = 	 {}
}

@Article{Wilde97,
  author =       "D. Wilde and S. Rajopadhye",
  title =        "Memory reuse analysis in the polyhedral model",
  journal =      "Parallel Processing Letters",
  volume =       "7",
  number =       "2",
  pages =        "203--215",
  month =        jun,
  year =         "1997",
  coden =        "PPLTEE",
  ISSN =         "0129-6264",
  bibdate =      "Tue Oct 21 18:27:39 MDT 1997",
  acknowledgement = ack-nhfb,
  classification = "C4240P (Parallel programming and algorithm theory);
                 C6110P (Parallel programming); C6120 (File
                 organization); C6140D (High level languages); C6150C
                 (Compilers, interpreters and other processors)",
  conflocation = "Wadern, Germany; April 1996",
  conftitle =    "Fundamental Aspects of Parallel Processing",
  corpsource =   "Dept. of Electr. Eng., Brigham Young Univ., Provo, UT,
                 USA",
  keywords =     "affine recurrence equations; ALPHA; compiler;
                 functional data-parallel language; functional
                 languages; functional programming; memory reuse
                 analysis; multiple assignment code; parallel languages;
                 parallel programming; polyhedral model; program
                 compilers; program variables; scheduled
                 single-assignment code; scheduling; storage
                 allocation",
  pubcountry =   "Singapore",
  treatment =    "P Practical",
}



@Article{Quillere,
  author = 	 {Fabien Quiller\'{e} and Sanjay Rajopadhye},
  title = 	 {Optimizing Memory Usage in the Polyhedral Model},
  journal = 	 {ACM Transactions on Programming Languages and Systems},
  year = 	 {2000},
  OPTkey = 	 {},
  volume = 	 {22},
  number = 	 {5},
  pages = 	 {773--815},
  month = 	 {September},
  OPTnote = 	 {},
  OPTannote = 	 {}
}

@INPROCEEDINGS{IT88,
        AUTHOR             = {François Irigoin and R\'emy Triolet},
        ADDRESS            = {San Diego, CA},
        BOOKTITLE          = {Proc. 15th Annual ACM Symp. Principles of Programming Languages},
        MONTH              = jan,
        PAGES              = {319--329},
        TITLE              = {Supernode Partitioning},
        YEAR               = {1988}
}


@BOOK{Schrijver86,
        AUTHOR             = {Alexander Schrijver},
        ADDRESS            = {New York},
        PUBLISHER          = {John Wiley and Sons},
        TITLE              = {Theory of Linear and Integer Programming},
        YEAR               = {1986}
}
