@Misc{streamitweb,
  OPTkey = 	 {},
  OPTauthor = 	 {},
  title = 	 {Stream{I}t Homepage},
  howpublished = {\texttt{http://compiler.lcs.mit.edu/streamit}},
  OPTmonth = 	 {},
  OPTyear = 	 {},
  OPTnote = 	 {},
  OPTannote = 	 {}
} 

@Misc{antlr,
  OPTkey = 	 {},
  OPTauthor = 	 {},
  title = 	 {Antlr Web Site},
  howpublished = {\texttt{http://www.antlr.org}},
  OPTmonth = 	 {},
  OPTyear = 	 {},
  OPTnote = 	 {},
  OPTannote = 	 {}
} 

@Misc{streamitspec,
  OPTkey = 	 {},
  OPTauthor = 	 {},
  title = 	 {Stream{I}t Language Specification Version 2.0},
  howpublished = {\texttt{http://cag.lcs.mit.edu/streamit/papers/streamit-lang-spec.pdf}},
  OPTmonth = 	 {},
  OPTyear = 	 {},
  OPTnote = 	 {},
  OPTannote = 	 {}
} 

@inproceedings{streamitcc,
 author = "William Thies and Michal Karczmarek and Saman Amarasinghe",
 title = "{StreamIt:  A Language for Streaming Applications}",
 booktitle = "{Proceedings of the International Conference on Compiler Construction}",
 year = "{2002}",
 address = "{Grenoble, France}",
}

@InProceedings{streamit-asplos,
  author = 	 {Michael Gordon and William Thies and Michal Karczmarek and Jasper Lin and Ali S. Meli and Andrew A. Lamb and Chris Leger and Jeremy Wong and Henry Hoffmann and David Maze and Saman Amarasinghe},
  title = 	 "{A Stream Compiler for Communication-Exposed Architectures}",
  OPTpages = 	 {291-303},
  year = 	 {2002},
  OPTmonth = 	 {October},
  booktitle = {ASPLOS},
}
